3324 5284
835 405 876 467 60

262 586 359 651 missa
383 584 529 670 Sapph0,
553 585 608 650 sed
632 607 863 670 quamcumque
886 587 928 650 ob
951 608 1078 652 causam
1101 587 1280 672 reliquisset
1303 588 1451 672 patriam.

258 703 385 772 Etenim
409 707 445 771 in
463 707 554 772 breui
573 708 605 772 et
624 707 750 772 conciso
772 707 898 772 dicendi
916 729 1032 792 genere
1052 709 1119 774 eius
1139 707 1291 774 Chronici
1302 715 1451 791 quocea

258 829 348 893 nullo
380 831 475 894 modo
506 829 568 894 nisi
599 851 655 914 per
685 829 893 894 eminentiam
925 833 1096 914 quamdam
1127 831 1176 895 illi
1199 829 1331 898 ἔπλευσε
1354 833 1452 897 uerbo

258 951 364 1036 potuit
394 951 478 1017 addi.
513 950 557 1016 Et
588 973 654 1016 erse
678 951 833 1037 poetriam
858 973 967 1017 reuera
990 952 1119 1017 missam
1141 953 1177 1017 in
1199 953 1327 1018 exilium
1352 975 1371 1017 a
1394 974 1452 1038 po-

258 1072 417 1158 pularium
451 1072 590 1138 factione
626 1073 840 1157 principatum
875 1073 910 1137 in
946 1073 1075 1138 ciuitate
1109 1075 1256 1152 tenente,
1294 1097 1366 1140 cum
1402 1074 1452 1140 uel

258 1193 327 1277 ipsa
357 1194 409 1258 uel
433 1193 541 1259 affines
564 1194 710 1278 partibus
732 1194 887 1259 nobilium
911 1195 1080 1273 fauissent,
1106 1196 1195 1260 nullo
1219 1196 1331 1261 relicto
1354 1198 1452 1262 dubio

258 1316 479 1400 comprobauit
501 1315 541 1380 A.
566 1314 727 1394 Schoene,
760 1316 938 1384 Uatcrcuch.
958 1319 1022 1383 aab.
1044 1321 1102 1384 dac
1121 1318 1222 1384 Laberi
1239 1321 1294 1384 der
1307 1319 1451 1408 Sappho,

260 1459 333 1524 pag.
361 1438 426 1504 754
449 1460 518 1524 sqq.
534 1440 570 1526 ¹).

304 1682 362 1748 Vs.
387 1683 440 1750 53.
465 1682 492 1748 0
517 1704 576 1748 uos
597 1704 753 1779 cancrum
774 1705 921 1750 rennues
944 1705 1121 1749 asurrrrru
1140 1705 1300 1753 ucsrsvu.
1333 1687 1453 1772 Utique

259 1807 329 1869 erat
351 1805 566 1889 reeipIendum
590 1827 648 1891 pro
670 1819 831 1872 acetrum.-
855 1820 974 1885 uestra,
999 1809 1093 1873 utin
1114 1833 1166 1895 p,.
1187 1809 1355 1894 adscripsit
1365 1831 1452 1876 man.

261 1927 291 1989 2.
323 1925 481 1991 Nostrum
511 1927 596 1991 enim
626 1949 779 2012 perquam
812 1928 1014 1994 abundanter
1044 1931 1085 1994 ad
1116 1954 1256 1996 erronem
1290 1932 1453 2011 accedere,

260 2048 365 2112 tellum
398 2068 474 2112 uero
507 2048 552 2113 sic
583 2049 667 2114 nude
697 2050 837 2134 posItum
860 2049 990 2116 tolerari
1014 2073 1081 2116 non
1103 2073 1195 2137 posse
1220 2053 1453 2118 demonstrauit

261 2167 424 2234 Baehrens
446 2168 493 2236 l.l.
517 2192 549 2255 p.
575 2169 628 2235 57.

305 2291 366 2357 Th.
397 2289 469 2356 Birt
498 2291 544 2358 l.l.
577 2316 608 2378 p.
636 2293 710 2360 388.
736 2316 768 2361 n.
795 2295 814 2357 2
839 2295 964 2360 scribit:
1001 2295 1064 2360 »In
1088 2318 1133 2364 us.
1160 2296 1203 2362 53
1227 2319 1269 2362 ne
1292 2296 1380 2362 uocis
1403 2321 1453 2363 er-

261 2437 366 2479 ronem
398 2414 564 2479 audaciam
598 2436 756 2502 premam,
789 2418 895 2482 tellure
925 2419 991 2481 tarn
1023 2439 1121 2502 praue
1152 2419 1336 2504 superfluit,
1366 2419 1456 2484 utri

261 2534 313 2600 hic
339 2539 420 2601 esset
443 2535 593 2614 Ouidius,
621 2541 805 2623 corruptum
828 2540 933 2604 locum
957 2560 1024 2604 esse
1047 2539 1215 2607 dicerem.'’
1239 2541 1354 2606 Tutius
1381 2562 1454 2627 pro-

260 2657 344 2722 fecto
369 2654 485 2742 egisset
509 2660 558 2723 uir
579 2659 633 2724 ille
655 2663 785 2743 doctus,
807 2661 833 2724 si
855 2682 965 2725 reuera
985 2664 1169 2747 corruptum
1190 2662 1322 2727 dixisset
1333 2663 1455 2740 locum,

259 2801 353 2863 quem
378 2783 486 2844 tamen
509 2801 526 2844 e
548 2806 598 2867 9⁷·
623 2802 710 2846 nunc
733 2782 853 2864 optime
877 2803 943 2846 esse
964 2783 1166 2847 emendatum
1176 2788 1317 2868 apparet.
1343 2785 1453 2849 Auda-

258 2901 339 2966 ciam
362 2923 439 2966 uero
462 2902 551 2965 illem
583 2925 653 2968 erro
676 2902 824 2967 uocabuli
847 2925 1046 2968 communem
1069 2903 1167 2970 habet
1185 2904 1280 2970 huius
1300 2906 1454 2991 epistulae

258 3023 395 3108 scriptor
425 3045 497 3088 cum
528 3023 656 3088 Tibullo
680 3023 734 3110 (ΙΙ.
762 3026 791 3089 6.
818 3026 870 3111 6)ε
896 3024 1000 3112 Atque
1023 3029 1136 3092 iterum
1159 3049 1298 3093 erronem
1322 3030 1375 3093 aab
1400 3041 1455 3093 tua

258 3147 346 3229 eipac
380 3168 453 3211 uoce
480 3143 625 3229 [Amor]
649 3147 735 3211 Erro
759 3145 862 3224 enim,
886 3147 944 3212 etsi
970 3148 1098 3232 proprie
1121 3151 1256 3213 nonest
1279 3149 1452 3234 fugitiuus,

259 3267 313 3330 sed
342 3265 370 3330 is
394 3266 472 3350 »qui
494 3265 677 3350 frequenter
699 3268 767 3332 sine
791 3289 887 3332 causa
910 3271 1048 3352 uagatur
1072 3272 1104 3332 et
1126 3270 1322 3353 temporibus
1345 3270 1381 3334 in
1404 3292 1453 3335 res
1502 3243 1505 3249 Ι

259 3388 446 3471 nuganrias
476 3389 673 3472 consumptis
706 3389 805 3454 serius
836 3391 876 3453 ad
909 3390 1072 3455 dominum
1106 3390 1210 3455 redit'’
1234 3391 1277 3476 ²),
1301 3393 1337 3455 in
1360 3392 1453 3456 rebus

261 3510 424 3574 amatoriis
448 3511 563 3576 dicitur
586 3512 613 3574 is
637 3512 692 3595 qui
720 3514 776 3575 aut
800 3512 900 3575 amori
924 3511 1076 3576 ualedixit
1099 3517 1155 3575 aut
1179 3513 1219 3575 ad
1243 3512 1340 3577 aliani
1363 3513 1453 3598 puel·

260 3630 325 3694 lam
352 3631 544 3716 transfugit,
565 3632 648 3696 idem
667 3633 767 3716 igitur
786 3634 871 3716 quod
892 3634 1112 3710 arcessitos,
1133 3655 1158 3698 e.
1173 3654 1203 3718 g.
1223 3632 1295 3698 Am.
1309 3634 1333 3698 Ι.
1349 3637 1379 3700 3.
1395 3633 1453 3700 15:

263 3789 303 3800 —
329 3774 396 3817 non
427 3776 497 3818 sum
531 3754 670 3819 desultor
693 3754 820 3818 amoris.
868 3753 908 3818 cf.
933 3753 972 3821 A.
985 3753 1026 3818 A.
1051 3753 1110 3818 ΙΙΙ.
1136 3755 1220 3819 436:
1246 3754 1342 3820 Errat
1364 3760 1396 3820 et
1417 3757 1453 3820 in

262 3874 352 3939 nulla
380 3878 453 3940 sede
483 3878 626 3940 moratur
657 3897 756 3942 amor.
804 3877 844 3942 A.
859 3876 899 3940 A.
932 3875 974 3942 Il.
1009 3877 1090 3941 339:
1128 3875 1211 3940 Dum
1243 3898 1345 3941 nouus
1369 3880 1454 3942 errat

263 4018 353 4061 amor
366 4035 419 4060 -.
445 3996 522 4061 Her.
548 3997 673 4062 XVIII.
699 3999 760 4063 96:
776 4036 815 4046 —
831 3997 942 4062 similis
966 4001 1063 4062 uentu
1086 4019 1127 4062 ne
1149 4000 1224 4062 tuus
1247 4003 1331 4064 erret
1346 4021 1453 4076 am0r3

262 4119 303 4184 ef.
329 4118 482 4184 Heinsius
506 4115 602 4184 adh.
628 4141 672 4184 us.
699 4122 731 4184 et
754 4117 932 4186 Burmann.
957 4120 997 4184 ad
1021 4119 1123 4185 Anth.
1144 4119 1214 4186 Lat.
1234 4121 1274 4185 II.
1287 4142 1362 4206 pag.
1377 4123 1451 4188 662.

308 4363 364 4429 Vs.
390 4363 443 4430 54.
467 4363 629 4430 Nrsranns
651 4384 776 4428 uersas
796 4363 1023 4434 Nrsrnnssqu
1044 4383 1159 4430 svers,
1180 4363 1328 4430 Nisiades
1351 4365 1453 4430 dietae

296 4555 320 4613 1)
343 4556 373 4606 In
391 4553 471 4619 Symb.
489 4553 573 4618 philol.
594 4553 713 4600 Benacus.
732 4551 757 4599 in
775 4551 829 4600 hon.
848 4549 981 4600 Ritschelii.
998 4551 1062 4599 Fasc.
1083 4550 1116 4600 ΙΙ.
1135 4551 1208 4601 1867.

298 4637 323 4697 2)
344 4637 381 4686 Of.
398 4635 454 4699 Ulp.
471 4634 528 4697 Dig.
545 4633 611 4682 XXI.
630 4635 653 4682 1.
673 4631 715 4691 17;
736 4632 821 4680 xnlx.
841 4633 879 4681 16.
898 4633 922 4681 A.
941 4632 980 4680 14.
1004 4631 1065 4681 Hor.
1084 4635 1100 4680 S
1134 4633 1169 4682 ΙΙ.
1187 4633 1210 4685 7.
1228 4633 1284 4683 113.
