3274 5292
739 454 800 518 107

173 638 359 702 uniuersum
391 638 473 702 male
501 638 564 702 dici
582 638 730 724 ferocem.
754 636 927 722 Proposuit
949 657 1041 722 ergo:
1068 661 1085 702 o
1108 640 1241 724 ecopciie
1263 642 1364 703 cada-

172 784 230 849 que
249 762 405 848 ferocior,
432 761 494 825 illic
517 759 555 824 Se·
577 762 713 837 morior,
739 760 864 824 titutum
888 773 941 825 eet.
965 758 1085 834 Quodsi
1107 779 1215 824 uersus
1237 759 1364 845 indige-

171 887 221 949 ret
250 885 462 960 correctione,
487 881 567 947 mihi
589 882 716 967 quidem
746 881 839 946 ualde
862 882 1016 946 arrideret
1037 883 1131 947 lectio
1155 907 1190 960 y.
1214 908 1251 947 w.
1276 882 1363 950 Mae.

173 1005 318 1069 codicum
336 1007 478 1090 undaque
497 1003 635 1088 ferocior
658 1004 740 1086 atta,
765 1025 846 1088 quae
870 1007 903 1067 et
926 1003 1117 1068 sententiam
1129 1005 1362 1088 praebetegre·

173 1127 259 1211 giam
290 1127 323 1190 et
352 1124 413 1189 hoc
444 1124 539 1189 simul
571 1123 709 1207 explicat
738 1127 823 1208 quod
854 1125 889 1188 in
916 1127 948 1211 f.
981 1128 1030 1189 est
1052 1125 1206 1208 scriptum
1224 1127 1363 1212 ferocior

174 1250 272 1323 omui,
298 1248 403 1311 ortum
427 1246 549 1312 scilicet
571 1268 588 1310 e
612 1245 737 1330 glossa,
761 1246 916 1311 uocabulo
940 1247 1004 1312 eila
1027 1246 1197 1331 adscripta.

221 1367 281 1434 Sed
306 1367 484 1432 mutatione
507 1388 587 1452 opus
610 1389 678 1432 esse
701 1367 780 1431 mihi
804 1388 867 1431 non
894 1368 1038 1434 uidetur:
1058 1368 1183 1453 poetria
1195 1370 1364 1453 postquam

175 1511 222 1570 ue.
250 1490 313 1554 187
339 1489 436 1554 dixit:

335 1609 384 1676 Tu
423 1610 504 1676 mihi
543 1610 699 1677 Leucadia
730 1613 822 1696 potes
854 1633 920 1676 esse
944 1610 1101 1676 salubrior
1125 1611 1227 1689 unda,

175 1683 284 1797 statim
314 1733 403 1797 addit
426 1731 607 1810 Phaonem,
639 1732 666 1796 si
696 1752 788 1816 opem
817 1752 884 1796 non
916 1731 1015 1810 ferat,
1046 1731 1096 1796 hie
1126 1731 1204 1816 ipsis
1228 1732 1366 1816 scopulis

175 1857 324 1938 undaque
356 1876 422 1918 esse
452 1853 655 1938 ferociorem3
688 1853 774 1938 quod
803 1855 888 1918 recte
919 1853 1039 1918 dictum
1067 1874 1133 1917 esse
1165 1857 1196 1917 et
1228 1856 1268 1917 ad
1297 1875 1364 1918 rem

175 1977 371 2060 praesentem
406 1975 680 2040 accommodatum
703 1975 778 2039 inde
802 1978 936 2060 apparet
958 1975 1044 2059 quod
1066 1995 1152 2039 mare
1173 1955 1364 2039 Leucadium

176 2096 355 2181 praeruptis
387 2096 524 2181 scopulis
555 2099 587 2160 et
617 2097 705 2160 unda
728 2099 872 2161 aestuosa
896 2096 1094 2160 diffamatum
1118 2098 1196 2160 eret.
1222 2095 1316 2162 Unde
1338 2118 1365 2161 e.

177 2237 209 2301 g.
233 2215 328 2302 Verg.
350 2215 422 2281 Aen
446 2216 508 2282 ΙΙΙ.
535 2218 600 2282 274
623 2235 689 2301 sq:

361 2339 439 2403 Mox
463 2341 496 2403 et
518 2338 674 2404 Leucatae
698 2339 843 2404 nimbose
867 2340 1032 2404 cacumina
1056 2341 1175 2404 montis

358 2457 403 2524 Et
425 2459 616 2525 formidatus
639 2461 746 2525 nautis
770 2461 910 2545 aperitur
932 2460 1060 2546 Apollo.

225 2703 427 2789 Comparatio
451 2707 557 2770 autem
581 2705 654 2770 duri
676 2705 814 2790 pectoris
836 2705 974 2771 hominis
994 2727 1065 2770 cum
1078 2704 1368 2789 scopulismerique

178 2849 275 2911 quam
307 2827 404 2892 fuerit
433 2849 505 2892 cum
538 2827 608 2892 eliis
639 2827 742 2911 poetis
776 2829 846 2891 tum
878 2827 993 2892 Ouidio
1017 2827 1052 2891 in
1076 2826 1195 2892 deliciis
1219 2830 1297 2891 note
1321 2830 1370 2891 est

178 2969 238 3013 res.
271 2945 486 3013 Conferantur
514 2970 541 3014 e.
574 2969 605 3032 g.
640 2948 720 3013 Her.
752 2947 811 3012 ΠΙ.
841 2949 922 3025 133;
946 2947 1025 3014 Μεὴ
1050 2948 1142 3014 XIII.
1167 2949 1252 3025 8013
1275 2947 1367 3014 XIV.

181 3069 244 3134 711
268 3091 337 3154 sqq.
362 3069 428 3148 (ubi
453 3070 517 3136 uid.
543 3068 732 3148 Heinsium).

225 3212 364 3256 rrrvnvu
390 3211 509 3256 uoarrs
535 3211 665 3254 annuae
689 3209 796 3269 unes,
820 3193 858 3254 ut
880 3191 1024 3256 similiter
1045 3213 1173 3275 prorsus
1186 3191 1264 3256 dicit
1275 3191 1370 3258 Ouid.

179 3311 257 3376 Her.
282 3311 355 3376 VII.
383 3313 442 3376 76:

380 3432 425 3499 Te
448 3435 525 3500 satis
549 3436 598 3505 est
619 3433 750 3499 tItulum
773 3434 885 3499 mortis
908 3434 1025 3499 hebere
1047 3456 1146 3499 meae.

179 3555 257 3620 Her.
281 3555 356 3622 XX.
390 3557 472 3620 176:

384 3677 429 3742 Te
452 3683 562 3742 contra
586 3677 715 3742 titulum
739 3679 852 3743 mortis
874 3678 991 3743 habere
1014 3700 1110 3743 meae.

179 3798 219 3864 cf.
244 3798 340 3864 Trist.
363 3797 388 3863 I.
416 3800 468 3866 11.
494 3800 551 3865 3οε

383 3921 472 3987 Haec
496 3922 627 3987 titulum
651 3923 780 3986 nestrae
802 3923 913 3986 mortis
937 3921 1053 3987 habere
1076 3923 1165 3988 uelit.

226 4041 363 4128 Egregie
387 4042 559 4128 explicauit
582 4044 665 4108 hanc
689 4042 881 4108 locutionem
906 4043 1019 4128 Haupt
1041 4045 1081 4108 ad
1105 4044 1182 4111 Met.
1205 4045 1265 4111 IX.
1287 4044 1370 4110 563:

363 4165 453 4232 Neue
477 4187 595 4230 merere
619 4187 689 4230 meo
713 4165 869 4230 subscribi
891 4187 986 4230 causa
1009 4167 1163 4251 sepulcro.

228 4285 281 4350 Vs.
317 4286 378 4350 191
413 4287 498 4350 recte
529 4286 564 4350 in
590 4288 622 4372 f.
652 4311 697 4370 97.
721 4269 760 4350 'u
793 4289 822 4351 lc.
856 4288 891 4369 l,
923 4288 958 4369 17.
992 4312 1019 4353 o.
1050 4287 1203 4372 scriptum
1233 4289 1297 4350 est:
1322 4285 1371 4349 Ar

182 4427 309 4478 evauno
336 4427 457 4472 namus
483 4410 563 4484 cet.;
587 4407 701 4491 reliqui
723 4408 778 4472 Au
803 4408 855 4472 uei
878 4408 904 4473 0
930 4429 1053 4480 eruero
1078 4410 1134 4472 cet.
1159 4407 1373 4492 habent,qua

177 4529 223 4594 de
254 4550 288 4593 re
320 4527 359 4592 cf.
392 4528 545 4594 Heinsius
567 4532 607 4593 ad
631 4529 709 4594 Her.
734 4528 860 4595 XVIII.
887 4529 1047 4606 2131111.
1072 4528 1111 4593 ΙΙ.
1138 4529 1168 4593 8.
1196 4530 1248 4596 17.

232 4669 398 4716 porsenna
433 4649 473 4715 cf.
498 4648 575 4716 Met.
598 4649 625 4714 I.
651 4651 734 4736 679,
760 4649 854 4718 VIII.
880 4651 934 4715 47.
958 4650 1055 4734 Verg.
1080 4647 1148 4714 Hel.
1173 4649 1199 4717 Ι.
1227 4651 1287 4728 79;
1312 4654 1371 4716 cet.
