3274 5292
177 926 254 994 ibid.
280 952 326 996 us.
355 932 436 996 183:

291 1051 410 1118 Incerti
433 1055 648 1141 clauduntque
671 1061 783 1124 domos
806 1062 1038 1147 strepitantque
1062 1084 1118 1146 per
1142 1063 1252 1128 urbem

180 1173 403 1260 corrigendum
427 1179 491 1240 est:
517 1179 740 1265 trepidantque
763 1204 820 1265 per
842 1183 963 1248 urbem.

743 1461 808 1536 XI.

180 1721 258 1787 ibid.
286 1744 331 1786 us.
361 1722 422 1786 115
446 1745 512 1805 sq:

295 1843 479 1928 Erumpunt
503 1845 680 1930 iterumque
703 1845 816 1909 lauant
838 1846 1056 1929 gremiumque
1080 1848 1246 1936 sinusque,

341 1965 469 2029 Effusae
493 1967 634 2050 grauidis
658 1967 870 2051 uberibusque
894 1968 994 2051 genis.

227 2085 303 2151 Non
335 2087 538 2152 sollicitanda
570 2090 619 2152 est
648 2089 743 2152 lectio
765 2093 908 2173 procidis
929 2093 1024 2173 petria
1049 2089 1111 2153 Pro
1136 2091 1373 2155 incantantem

181 2231 221 2274 ex
244 2209 281 2273 R.
309 2212 357 2272 est
381 2209 612 2272 restituendum
635 2223 781 2293 prauam.

646 2609 648 2614 ,
733 2523 817 2596 un.

182 2814 288 2881 Carm.
320 2819 359 2879 de
391 2815 499 2880 Ouidii
531 2817 598 2880 uita
631 2821 663 2879 et
687 2816 813 2898 scriptis
838 2815 893 2900 (H.
918 2815 1051 2898 Hagen,
1077 2837 1173 2879 carm.
1200 2818 1281 2880 med.
1306 2836 1371 2878 aeu.

181 2939 267 3002 ined.
293 2961 324 3021 p.
351 2939 414 3002 207
441 2939 524 3023 sqq.)
551 2959 613 3001 uss.
641 2939 682 3002 13
707 2958 794 3021 sqq:

387 3059 522 3122 Romam
545 3081 578 3122 sc
601 3057 824 3136 transtulerat,
851 3062 887 3121 ut
910 3059 993 3122 inter
1017 3058 1152 3122 maiores

387 3179 517 3244 Famam
542 3180 602 3244 sibi
627 3183 808 3263 quaereret,
834 3179 984 3263 epistolas
1009 3180 1127 3264 priores

386 3301 520 3386 Scripsit
543 3303 611 3367 sine
635 3303 745 3384 titulo,
773 3304 846 3385 post
869 3301 996 3386 scripsit
1018 3303 1164 3367 Amores.

183 3429 325 3491 correcta
347 3425 608 3508 interpunctione
632 3425 801 3508 legendum
827 3429 892 3489 est:

390 3593 773 3613 ............
798 3545 960 3630 Epistolas
983 3546 1104 3630 priores

394 3668 546 3752 Scripsit,
572 3669 640 3732 sine
664 3667 758 3732 titulo
781 3671 855 3752 post
878 3668 1003 3751 scripsit
1024 3668 1169 3732 Amores.

731 3946 833 4021 XIII.
893 3965 898 3974 ·

184 4259 329 4325 Frontin.
356 4259 453 4324 Strat.
479 4258 503 4322 Ι.
532 4257 609 4322 XII.
635 4256 670 4322 5:

230 4379 355 4462 Nolite,
389 4380 514 4463 inquit,
537 4379 670 4455 milites,
697 4376 872 4461 trepidare;
897 4374 1154 4439 Lacedaemoniis
1178 4371 1377 4458 significatur

185 4501 344 4566 interitus.
381 4500 530 4585 Sepulcra
554 4499 638 4563 enim
663 4497 828 4562 funeribus
852 4501 1017 4560 ornantur.

233 4622 295 4690 Pro
321 4642 496 4690 rvnnmavs
521 4620 722 4686 scribendum
747 4605 855 4683 estin
878 4638 1066 4683 uvunmnvs.
