3274 5292
862 398 926 461 146

292 578 411 655 Quodsi
433 579 485 643 hic
510 581 592 643 esset
614 578 773 656 imitator,
796 579 963 644 fatendum
992 581 1082 645 nobis
1107 585 1189 646 esset
1213 603 1285 645 eum
1311 583 1349 646 de
1375 582 1487 646 litteris

293 702 417 766 Latinis
442 701 527 765 haud
551 701 665 765 leuiter
687 723 754 765 csse
778 702 940 766 meritum.

339 824 412 888 Alia
443 824 564 887 accedit
594 845 644 887 res
675 845 755 907 quae
783 823 867 887 haud
900 825 964 888 scio
988 847 1030 888 an
1056 825 1176 888 nemini
1203 826 1264 889 nisi
1289 826 1350 910 ipsi
1374 825 1489 890 Ouidio

292 945 334 1009 sit
362 944 541 1009 tribuenda.
567 944 639 1009 Iure
663 946 749 1008 enim
773 945 940 1010 obseruare
963 946 1042 1010 mihi
1065 947 1192 1011 uidetur
1218 944 1414 1030 Comparetti
1440 947 1487 1011 l.l.

294 1090 325 1151 p.
353 1069 411 1143 213
436 1068 497 1144 40,
522 1065 628 1131 Ouidii
651 1067 752 1150 ipsius
777 1071 923 1131 naturam
949 1068 1098 1151 cognosci
1121 1068 1155 1132 in
1178 1066 1490 1152 personaSapphuS,

295 1189 339 1253 sic
362 1191 400 1253 ut
421 1188 453 1250 in
479 1188 539 1252 hac
562 1187 698 1273 epistula
721 1189 814 1252 nobis
837 1191 1045 1273 proponatur.
1072 1188 1173 1264 Quam
1200 1190 1326 1274 qualem
1347 1190 1407 1253 sibi
1427 1189 1488 1253 fin-

294 1310 375 1374 xerit
397 1308 485 1375 Naso
509 1310 624 1374 docent
643 1308 683 1373 A.
709 1308 749 1372 A.
773 1309 832 1373 ΙΙΙ.
866 1310 950 1375 331:

431 1430 518 1497 Nota
541 1431 584 1494 sit
606 1433 638 1494 ct
661 1430 809 1516 Sappho,
838 1469 878 1480 -
903 1432 980 1516 quid
1004 1432 1089 1496 enim
1109 1432 1258 1497 lasciuius
1281 1432 1362 1496 illa‘i>

295 1553 384 1618 Item.
411 1553 494 1618 761:
519 1553 571 1618 Me
594 1555 678 1618 certe
702 1553 829 1638 Sappho
854 1553 1015 1618 meliorem
1038 1553 1115 1618 fecit
1134 1554 1263 1619 amicae.

295 1671 390 1738 Trist.
420 1674 461 1737 II.
494 1674 576 1739 365:
603 1673 716 1739 Lesbia
738 1675 817 1758 quid
839 1674 947 1740 docuit
969 1674 1116 1760 Sappho,
1142 1677 1204 1740 nisi
1228 1698 1334 1740 amare
1356 1678 1488 1760 puellas.

340 1795 557 1872 Quibuscum
581 1797 724 1860 uersibus
749 1797 868 1880 optime
891 1801 1073 1880 congruunt
1095 1795 1214 1881 Sapph.
1240 1819 1288 1880 ep.
1313 1820 1375 1862 uss.
1402 1799 1487 1862 79-

296 1918 359 1982 84:
395 1917 511 1982 »Molle
535 1939 639 1981 meum
664 1917 851 2000 leuibusque
875 1939 928 1982 cor
952 1920 1000 1982 est
1021 1917 1170 1982 uiolabile
1194 1918 1286 1982 telis’'
1311 1921 1370 1984 oct.
1397 1919 1485 1982 Ean-

297 2042 368 2103 dem
399 2038 483 2103 hanc
506 2038 747 2102 similitudinem
768 2038 1033 2122 deprehendimus
1057 2062 1121 2104 uss.
1136 2041 1177 2103 28
1191 2060 1260 2124 sqq.
1277 2039 1311 2104 in
1324 2041 1490 2124 praedica-

179 2239 181 2243 ·
295 2163 384 2227 tione
413 2162 469 2226 illa
501 2162 539 2225 de
570 2183 603 2226 rc
633 2160 702 2245 ipsa
725 2161 865 2246 poetriae
888 2163 972 2226 iuste
996 2150 1143 2246 superbia
1166 2162 1284 2240 elatae,
1309 2163 1392 2246 apud
1418 2184 1490 2226 aum

295 2305 389 2367 quem
414 2286 518 2360 amat,
542 2285 628 2366 quod
651 2286 847 2368 quantopere
872 2282 987 2348 Ouidio
1010 2284 1053 2347 sit
1074 2282 1247 2360 familiare,
1272 2284 1306 2346 in
1326 2305 1489 2348 commen-

295 2405 377 2469 tario
400 2405 445 2490 (p.
472 2406 528 2488 48)
553 2405 702 2471 uidimus,

341 2525 486 2609 Denique
518 2548 558 2590 nc
581 2525 642 2591 hoc
665 2526 791 2610 quidem
816 2527 1135 2610 praetermittendum
1159 2530 1208 2591 est
1229 2549 1279 2591 res
1303 2527 1380 2591 satis
1405 2528 1489 2591 mul-

295 2649 345 2712 tas
368 2647 402 2711 in
425 2648 485 2712 hac
509 2647 646 2732 epistula
668 2647 762 2712 nobis
787 2648 870 2711 tradi
889 2670 970 2731 quae
993 2649 1121 2712 aliunde
1145 2649 1240 2732 plane
1260 2648 1326 2712 sint
1344 2648 1487 2732 ignotae.

295 2768 367 2833 Huc
399 2770 539 2853 pertinet
568 2740 678 2832 fabula
705 2771 744 2832 de
779 2767 982 2833 Deucalionis
1018 2769 1223 2852 Pyrrhaeque
1246 2769 1425 2846 amoribus,
1451 2769 1491 2832 de

294 2890 410 2974 quibus
439 2893 547 2955 tacent
577 2889 692 2974 reliqui
722 2890 890 2973 scriptores
921 2911 1048 2968 omnes;
1079 2891 1156 2955 item
1170 2867 1265 2975 'quod
1290 2890 1336 2954 ait
1358 2888 1488 2975 Sappho

293 3034 326 3076 se
351 3033 404 3076 sex
427 3033 528 3075 annos
552 3015 661 3074 natam
686 3013 786 3094 patris
806 3016 1041 3095 praematuram
1061 3016 1196 3076 mortem
1219 3013 1489 3088 defleuissc3item

296 3134 357 3198 alia
389 3133 561 3216 quaedam,
593 3153 674 3216 quae
700 3132 903 3197 hauddubie
928 3135 1095 3217 adipsum
1120 3132 1282 3198 Nasonem
1306 3137 1382 3198 sunt
1404 3133 1489 3198 refe-

295 3259 395 3320 renda
424 3255 529 3339 potius
560 3276 656 3339 quam
683 3256 724 3318 ad
746 3255 939 3319 imitatorem
962 3256 1153 3339 quempiam.
1180 3252 1272 3319 Certe
1296 3254 1429 3319 Ouidius
1453 3255 1490 3319 in

295 3378 412 3442 fabulis
434 3377 574 3460 antiquis
598 3380 665 3440 orat
689 3377 862 3460 plurimum
888 3380 1046 3461 uersatus,
1068 3399 1126 3440 nec
1148 3377 1277 3441 dubium
1296 3379 1402 3461 potest
1421 3399 1490 3441 esse

295 3497 374 3581 quin
398 3497 507 3562 sedulo
531 3497 573 3560 sit
596 3519 670 3560 usus
694 3497 821 3580 scriptis
844 3496 1154 3575 Alexandrinorum,
1175 3518 1254 3580 quos
1275 3497 1489 3562 fabulasLes-

295 3619 420 3684 biorum
451 3619 619 3703 populares
649 3621 689 3682 de
720 3616 891 3703 Sapphcne
922 3619 969 3704 (in
1001 3619 1115 3702 quibus
1138 3619 1275 3702 primum
1300 3620 1491 3684 coniunctus

296 3741 422 3805 uidetur
454 3762 525 3805 cum
555 3741 612 3804 illa
646 3740 771 3826 Phaon)
807 3741 971 3824 collegisse
993 3741 1165 3808 admodum
1189 3741 1398 3825 probabiliter
1420 3744 1490 3803 sta-

295 3866 427 3928 tuerunt
449 3861 646 3947 Comparetti
671 3867 703 3927 et
725 3862 804 3929 Birt.
830 3862 873 3926 Et
894 3863 929 3926 in
954 3862 1014 3927 hoc
1038 3863 1107 3947 ipso
1121 3863 1399 3946 carminepoetam
1413 3865 1493 3925 ante

296 3986 404 4050 oculos
421 3983 570 4048 habuisse
590 3983 878 4048 Alexandrinorum
899 4005 1013 4066 opera,
1033 3984 1136 4048 multa
1151 3983 1375 4060 suntindicia3
1388 3983 1493 4047 ueluti

295 4129 342 4170 us.
368 4105 430 4170 162
452 4128 510 4189 sq,
530 4105 586 4168 ubi
605 4102 704 4169 Naias
721 4104 880 4169 inducitur
893 4105 990 4168 uerba
1003 4104 1139 4181 faciens,
1153 4107 1239 4188 quod
1252 4126 1381 4188 prorsus
1394 4126 1493 4169 essee

294 4248 381 4320 moro
399 4225 692 4290 Alexandrinorum
707 4225 771 4288 iam
783 4247 882 4309 supra·
892 4225 1038 4291 diximus.
1052 4224 1139 4300 Quae
1152 4227 1259 4290 omnia
1271 4226 1358 4290 haud
1371 4227 1435 4291 scio
1447 4249 1492 4290 an
1628 4248 1629 4325 ἶ

292 4348 327 4411 in
349 4347 410 4412 hac
433 4348 570 4431 epistula
591 4346 747 4411 imitatori
769 4347 895 4411 cuidam
919 4347 1052 4411 attribui
1077 4347 1132 4412 uix
1155 4348 1290 4431 possint.

340 4589 521 4675 Postremo,
555 4595 591 4654 ut
621 4592 686 4656 iam
713 4614 750 4657 ea
773 4614 855 4677 quae
878 4592 945 4659 dixi
969 4591 1004 4659 in
1028 4595 1153 4660 breuem
1180 4599 1385 4680 conspectum
1410 4618 1493 4661 con·
