3274 5292
742 463 785 527 83

211 643 269 709 Vs.
297 643 371 708 117.
394 662 527 708 cursen
552 663 570 706 u
597 662 749 707 MAERORE
775 643 926 709 Heinsius
951 644 1123 730 explieuuit
1146 645 1248 710 eituns
1271 646 1358 730 glos·

166 764 285 830 serium
306 763 371 830 MS.
398 764 609 829 bibliothecae
631 763 825 830 Vossianus:
852 789 961 832 ouure:
983 771 1134 853 uendere,
1155 790 1299 844 erescere3
1319 767 1357 832 ef.

168 885 241 952 Seu.
274 885 334 970 Ep.
368 884 533 951 XXXIV:
571 883 676 951 Cresco
707 900 736 952 et
758 889 875 953 essulto
898 901 927 954 et
950 891 1085 954 discussa
1108 900 1252 953 senectute
1275 911 1359 954 reeu-

170 1008 253 1072 Ieseo.
278 1006 347 1073 Liu.
372 1005 417 1071 II.
453 1006 506 1071 27.
534 1006 570 1071 7:
601 1010 719 1072 saeuire
741 1011 811 1074 inde
833 1012 935 1097 utique
958 1010 1112 1075 consulum
1135 1010 1214 1075 ulter
1233 1023 1361 1098 petres-

169 1152 243 1215 que,
264 1131 317 1193 sed
329 1129 415 1216 plebs·
435 1141 592 1194 creuerant
612 1132 720 1194 animi.
740 1129 792 1193 Ita
811 1153 937 1196 creseere
956 1153 994 1196 en
1011 1133 1131 1196 inuidia
1152 1128 1217 1196 Cio.
1232 1131 1359 1198 OluenI.

171 1252 224 1315 28.
257 1252 308 1316 77.
341 1276 383 1316 er.
416 1274 452 1316 eu
481 1252 584 1338 ulique
616 1251 686 1317 Liu.
717 1251 857 1317 XXVII.
893 1252 954 1338 35;
987 1252 1113 1318 XXIX.
1142 1253 1200 1336 37;
1225 1253 1360 1320 XXXV.

172 1373 223 1437 19.
248 1371 300 1438 Sic
321 1375 409 1461 pessi
430 1372 507 1436 Met.
533 1372 590 1438 VI.
617 1374 700 1438 280:

373 1493 523 1572 Poscere,
548 1495 700 1577 erudelis,
726 1497 854 1573 nosue,
879 1494 1020 1573 Latona,
1045 1495 1163 1562 dolore.

169 1613 243 1681 Am.
274 1615 301 1681 I.
335 1615 387 1682 15.
413 1617 473 1681 39:
498 1614 643 1681 Pascitur
665 1617 700 1680 in
724 1616 806 1681 uiuis
830 1615 941 1693 Liu0r3
969 1621 1041 1702 post
1064 1616 1131 1681 feta
1154 1617 1299 1701 quieseii.

170 1736 215 1801 Et
235 1738 357 1823 yle'seere
379 1737 461 1804 Stat.
486 1738 588 1804 Theb.
612 1736 706 1803 VIII.
735 1737 799 1802 754
822 1758 909 1822 sqq.:
924 1786 932 1801 .
946 1786 975 1805 ..
999 1737 1153 1823 laeuaque
1176 1741 1338 1823 receptum

307 1859 435 1945 Spectat
457 1863 550 1924 atrox
575 1859 690 1924 hostile
713 1863 826 1945 eaput,
853 1859 1022 1944 gliscitque
1046 1859 1183 1945 tepentis

305 1981 443 2045 Lumine
466 1983 559 2046 torua
583 1980 695 2046 uidens
722 2018 762 2027 -

169 2100 209 2170 ef.
233 2101 400 2168 Burmann
424 2103 464 2166 ed
486 2101 519 2169 h.
542 2125 588 2166 ue.
618 2139 658 2150 -
682 2100 730 2166 De
759 2099 903 2167 charaso
926 2101 999 2166 uide
1023 2102 1072 2166 ed.
1098 2124 1145 2166 us.
1171 2102 1225 2168 63.

215 2346 272 2414 Vs.
299 2349 374 2414 118.
400 2368 494 2420 1revr
520 2367 691 2427 nunrruvu,
717 2346 757 2413 ef.
782 2347 878 2414 Trist.
903 2346 944 2413 V.
971 2347 1079 2413 7.14:

375 2471 437 2535 Per
461 2471 579 2535 medies
602 2471 638 2534 iu
662 2471 750 2556 equis
773 2471 861 2555 itque
886 2470 1028 2554 reditque
1053 2469 1131 2534 uies.

217 2589 279 2667 Qui
309 2591 434 2656 dieendi
465 2593 579 2655 modus
611 2595 808 2677 quantopere
831 2591 933 2676 poetis
959 2590 1083 2655 Latinis
1106 2590 1260 2654 fueritin
1284 2591 1363 2656 deli-

175 2713 231 2777 ciis
262 2715 355 2777 docet
385 2710 420 2778 O.
450 2713 628 2797 Rossberg‚
664 2713 702 2777 de
737 2712 912 2777 Dracontio
936 2714 995 2776 eet.
1021 2710 1180 2798 (Nudae,
1206 2711 1306 2797 1880)
1330 2733 1362 2795 p.

178 2834 229 2900 17.
255 2833 352 2918 Apud
376 2831 525 2928 Ouidium
551 2853 650 2917 seque
673 2832 809 2917 legitur:
834 2835 995 2919 refluitque
1012 2835 1147 2920 fluitque
1169 2831 1246 2897 Met.
1271 2830 1364 2900 VIII.

177 2956 256 3033 163;
292 2957 490 3042 refouentque
519 2956 686 3041 fouentque
714 2954 792 3019 Met.
824 2952 915 3019 VIII.
952 2953 1035 3040 5375
1056 2957 1188 3041 'fertque
1211 2955 1365 3040 refertque

169 3080 263 3165 pedes
294 3076 379 3143 Fest.
410 3075 467 3142 VI.
503 3077 586 3152 3343
608 3076 738 3164 fersque
769 3075 925 3161 refersque
955 3073 1052 3140 Trist.
1077 3075 1103 3142 I.
1130 3076 1159 3142 7.
1186 3076 1223 3154 63
1249 3074 1290 3140 ef.
1322 3073 1366 3138 Ut

173 3202 254 3265 redit
276 3202 359 3286 itque
376 3199 525 3285 frequens
549 3196 589 3262 A.
615 3194 657 3262 A.
680 3196 707 3262 I.
734 3196 795 3275 93,
820 3195 897 3260 Met.
922 3196 967 3261 II.
992 3197 1068 3262 409.

221 3441 278 3508 Vs.
305 3442 379 3506 121.
411 3439 487 3506 Nou
507 3459 648 3503 vuruvru
673 3459 706 3502 ru
731 3459 811 3501 mun
837 3459 942 3503 rvuon
968 3457 1072 3508 urevr
1100 3456 1199 3502 enon.
1228 3435 1360 3521 Saepius

179 3561 329 3627 Ouidium
365 3561 479 3647 pudori
513 3563 545 3624 et
583 3559 689 3623 deeori
729 3559 773 3624 sie
811 3579 973 3643 opponere
1010 3557 1187 3624 feruentem
1226 3580 1365 3624 umorem

177 3687 309 3749 docent:
333 3681 405 3747 Am.
432 3682 493 3747 III.
522 3683 572 3745 10.
603 3682 664 3745 28:

382 3804 469 3869 Hine
492 3803 613 3888 pudor,
637 3825 676 3867 ex
698 3801 754 3866 ille
778 3804 868 3888 purte
892 3802 1040 3866 trahebat
1063 3823 1161 3867 emor.

222 3927 298 3994 Met.
325 3927 351 3992 I.
378 3928 442 3992 618
468 3947 532 4010 sq.:
559 3963 600 3973 -
625 3926 727 4010 pudor
751 3926 799 3988 esi
821 3925 876 4011 qui
899 3924 1030 3988 suadeat
1052 3923 1160 4010 illine,

563 4046 649 4112 Hine
673 4046 832 4111 dissuadet
855 4067 945 4110 emor
968 4084 1009 4095 -—

176 4170 254 4235 Her.
267 4171 323 4237 IV.
338 4172 357 4235 9
371 4192 418 4255 sq.
430 4188 436 4233 :
450 4168 518 4246 Qua
530 4169 605 4233 lieet
617 4172 649 4233 et
660 4167 802 4252 sequitur
812 4167 916 4252 pudor
928 4168 977 4231 est
988 4167 1166 4232 miscendus
1179 4166 1288 4231 emori.

494 4289 606 4354 Dicere
629 4311 710 4373 quae
733 4288 862 4373 puduit,
887 4288 1022 4353 seribere
1045 4289 1138 4353 iussiI
1161 4307 1258 4351 emor.

176 4414 224 4480 ib.
249 4413 323 4481 154.
461 4459 603 4478 .......
616 4411 693 4495 quid
716 4413 827 4475 deceat
849 4432 916 4474 nou
939 4410 1026 4476 uidet
1049 4410 1131 4475 ullus
1154 4430 1275 4476 emant.

177 4535 257 4601 Her.
281 4533 407 4600 XVIII.
434 4533 515 4599 173:

271 4653 367 4722 Nune
389 4654 472 4719 male
494 4675 544 4719 res
566 4653 708 4733 iunctae,
732 4653 818 4719 ealor
841 4658 873 4719 et
895 4654 1091 4733 reuerentia,
1116 4658 1275 4738 pugnant.
