3274 5292
735 445 797 508 141

177 644 286 688 omnes
319 623 423 688 Ouidii
454 624 529 688 libri
560 625 594 688 in
617 625 678 690 hac
701 649 735 689 re
759 629 835 689 sunt
858 627 1050 710 comparati,
1075 629 1128 690 sed
1152 630 1277 710 praeter
1300 625 1367 689 He·

176 745 280 808 roides
315 743 467 809 'llistium
498 749 625 810 tantum
658 747 738 810 liber
766 745 801 824 l,
832 769 870 810 ex
895 746 988 812 Pont.
1016 747 1089 811 Iet
1113 747 1171 824 IV,
1196 747 1272 812 Met.
1299 746 1368 812 VII.

175 863 219 928 Et
253 865 415 949 profecte,
446 867 472 929 si
504 867 538 931 in
569 866 717 952 Sapphus
748 868 883 952 epistula
916 871 989 952 post
1012 858 1161 952 quartum
1185 864 1368 933 trochaeum

177 985 337 1069 frangitur
371 1009 473 1051 sermo
508 989 701 1073 quinquiens
738 989 880 1071 deciens,
911 989 971 1052 hoc
997 1027 1037 1036 -
1063 992 1148 1053 recte
1180 989 1206 1052 si
1237 1009 1368 1072 compu-

177 1108 254 1171 taris
269 1147 309 1156 -
334 1109 430 1174 semel
454 1115 502 1174 est
525 1132 590 1174 non
614 1112 647 1176 in
672 1112 711 1202 5}
736 1111 789 1175 sed
812 1112 847 1174 in
875 1113 914 1202 7}
933 1111 1092 1187 uersibus,
1113 1111 1159 1174 ita
1181 1112 1216 1174 ut
1235 1111 1370 1194 epistula

178 1231 289 1293 nostra
318 1229 395 1294 satis
426 1230 506 1295 bone
537 1237 695 1316 congruat
725 1254 771 1296 or.
805 1252 852 1316 gr.
883 1254 954 1295 cum
979 1230 1057 1295 Her.
1082 1231 1129 1296 IX
1154 1230 1370 1317 (Deianirae),

179 1371 275 1432 quam
306 1350 384 1434 quin
415 1353 575 1436 scripserit
606 1352 756 1430 Ouidius,
780 1354 864 1437 apud
887 1353 991 1438 ipsum
1015 1352 1152 1417 Birtium
1178 1351 1371 1416 dubitationi

179 1470 353 1535 obnoxium
379 1493 445 1536 non
469 1476 528 1537 est.
573 1557 574 1562 ἵ

145 1631 148 1634 -
225 1591 364 1686 Omnino
389 1615 463 1658 uero
488 1595 670 1678 perspicuus
692 1596 785 1660 nobis
810 1618 876 1660 non
900 1599 949 1660 est
972 1596 1152 1680 praeclarus
1175 1597 1230 1660 ille
1243 1595 1365 1660 fructus

179 1735 272 1798 quem
306 1713 427 1795 Bittius
450 1738 467 1780 e
490 1716 628 1780 metricis
652 1718 727 1780 suis.
741 1718 868 1782 tabellis
893 1717 1034 1782 hausisse
1055 1718 1116 1782 sibi
1139 1718 1275 1781 uidetur.
1300 1715 1372 1780 Etsi

178 1835 263 1899 enim
295 1836 435 1900 dandum
460 1837 488 1900 ei
511 1840 559 1901 est
580 1837 616 1900 in
640 1836 747 1902 Ouidii
771 1839 963 1903 carminibus
987 1838 1170 1903 summatim
1194 1837 1259 1902 fere
1284 1858 1371 1902 com-

178 1957 285 2040 parari
316 1958 401 2023 inter
432 1981 465 2023 se
493 1981 584 2043 posse
600 1960 807 2044 'singularum
832 1983 980 2025 uersuum
1005 1961 1180 2024 formarum
1203 1980 1371 2037 numeros,

179 2079 311 2143 minime
334 2083 444 2144 tamen
467 2080 560 2146 firma
582 2081 657 2146 inde
680 2103 793 2146 norma
816 2083 913 2146 statui
936 2082 1025 2154 licet;
1055 2081 1117 2146 nisi
1140 2080 1223 2144 forte
1243 2101 1373 2163 persua-

180 2201 253 2265 dere
277 2202 380 2277 ,nobis
416 2203 563 2267 uolumus
595 2202 743 2268 Ouidium
774 2205 897 2288 pegisse
921 2226 1032 2268 uersus
1059 2203 1099 2267 ad
1123 2205 1242 2267 certam
1267 2223 1373 2265 amus·

180 2323 240 2386 sim
273 2324 399 2388 conscio
424 2325 537 2389 'animo
562 2325 649 2409 prius
673 2348 692 2389 a
714 2347 746 2388 se
771 2326 988 2389 constitutam.
1015 2323 1106 2400 Quod
1130 2324 1163 2387 in
1187 2323 1372 2387 uniuersum

182 2445 222 2508 ab
259 2447 379 2530 optimo
410 2468 535 2531 quoque
568 2451 662 2532 poeta
693 2448 843 2530 cuiusque
867 2447 980 2510 aetatis
1005 2450 1037 2511 et
1060 2445 1200 2510 nationis
1224 2446 1272 2508 est
1294 2443 1371 2507 alie-

181 2590 267 2630 num.
305 2565 417 2652 Neque
451 2568 512 2632 hoo
544 2568 863 2653 praetermittendum
895 2571 942 2632 est
973 2567 1152 2652 legitimum
1176 2587 1289 2652 sonum
1313 2584 1372 2627 nos

181 2687 295 2753 callere
320 2710 386 2752 non
409 2689 511 2753 solum
536 2690 695 2774 ›digitis”,
722 2711 833 2754 uerum
856 2690 952 2753 etiam
977 2688 1116 2766 »aure’';
1136 2688 1197 2751 hac
1220 2689 1326 2751 autem
1346 2686 1374 2750 si

181 2810 263 2874 iuste
285 2814 427 2888 utamur,
453 2810 546 2875 aliter
567 2811 700 2875 iudicari
725 2814 763 2875 de
788 2811 920 2875 metrica
943 2809 1100 2894 epistulae
1120 2813 1188 2873 arte
1207 2809 1262 2872 uix
1280 2828 1373 2891 posse

181 2931 332 3008 arbitror,
358 2952 454 3015 quam
476 2932 594 2997 iudicet
613 2920 717 2996 uir'in
738 2932 789 2997 his
808 2933 902 2997 rebus
923 2953 1064 2996 summae
1084 2929 1282 2995 auctoritatis
1294 2928 1370 2994 Luc.

181 3051 329 3130 Mueller,
362 3053 418 3137 qui
449 3054 501 3138 (de
530 3076 564 3118 re
588 3059 676 3119 metr.
702 3076 732 3137 p.
759 3054 815 3139 49)
840 3053 950 3118 scribit
978 3051 1124 3136 Sapphus
1149 3051 1316 3135 epistulam
1341 3053 1373 3113 et

182 3172 288 3238 Ouidii
322 3175 477 3239 Heroides
507 3176 688 3240 indubitate
719 3177 892 3260 genuinas,
926 3175 991 3238 siue
1016 3173 1277 3257 compositionem
1303 3193 1371 3234 car-

181 3297 303 3360 minum
325 3318 380 3360 seu
404 3318 552 3361 uersuum
577 3296 793 3380 sermonisque
816 3301 916 3360 artem
940 3294 1129 3378 respexeris,
1149 3292 1234 3356 inter
1253 3313 1285 3356 se
1306 3311 1372 3354 esse

181 3415 367 3482 simillimas.

225 3658 277 3724 Ad
308 3682 375 3725 rem
405 3663 647 3747 grammaticam
670 3667 702 3727 et
725 3659 874 3727 dictionis
898 3660 1039 3744 poeticae
1064 3658 1221 3723 rationem
1246 3678 1283 3721 ac
1306 3655 1395 3757 for-V

179 3802 265 3844 mam
296 3781 450 3865 epistulae
482 3784 674 3848 sianimum
698 3782 909 3860 attendimus,
936 3782 1045 3846 statim
1070 3781 1213 3844 uidemus
1236 3777 1372 3842 incredi-

180 3900 277 3965 bilem
309 3903 344 3966 in
375 3905 544 3969 iudicando
576 3907 615 3970 de
646 3928 683 3970 ea
713 3906 879 3971 doctorum
911 3902 1158 3977 dissensionem3
1181 3922 1277 3984 quam
1300 3919 1372 3962 cum

180 4024 235 4088 alii
268 4026 414 4090 uocarint
447 4027 607 4112 ineptam,
639 4029 807 4104 rusticam,
843 4025 979 4090 infelicis
1005 4025 1169 4089 cuiusdam
1201 4019 1374 4085 imitatoris

178 4145 298 4224 fetum,
323 4148 378 4212 alii
402 4149 643 4232 pulcerrimum,
668 4149 958 4234 elegantissimam,
979 4145 1086 4212 Ouidii
1105 4143 1235 4228 iugenio
1249 4141 1373 4226 dignis-

179 4267 309 4346 simam,
342 4289 400 4334 nos
431 4271 529 4335 uiam
548 4272 683 4336 mediam
714 4271 910 4354 eandemque
933 4272 966 4333 et
989 4267 1181 4332 tutissimam
1207 4268 1239 4328 et
1261 4285 1370 4328 ueram

181 4388 317 4472 ingressi
347 4391 393 4455 ita
424 4392 640 4470 aestimemus,
674 4396 711 4457 ut
734 4391 872 4457 Nasonis
895 4390 1032 4454 uirtutes
1055 4408 1122 4450 non
1145 4386 1252 4449 minus
1276 4405 1372 4468 quam

181 4497 261 4574 uitia
282 4512 317 4575 in
344 4535 381 4577 ea
404 4514 544 4598 conspici
567 4515 782 4599 profiteamur.
819 4512 1047 4578 abstineamus
1073 4509 1166 4572 modo
1190 4507 1231 4571 ab
1254 4505 1373 4570 iudicio

180 4651 220 4694 ex
243 4632 433 4698 aesthetioae
456 4657 552 4719 quam
577 4639 695 4701 uocant
719 4635 796 4700 artis
814 4633 990 4719 praeceptis
1009 4630 1127 4716 petito,
1148 4629 1371 4713 quibusquam
