3274 5292
253 1230 516 1308 Dlsovlslulo
540 1231 717 1304 onlnlol
739 1231 795 1303 DII
817 1231 1052 1306 EPISTVLAE
1077 1232 1279 1306 Avulonn.

668 1538 862 1548 z..

675 1785 817 1852 oAPVu
841 1788 866 1852 Ι.

213 2030 360 2115 Epistula
391 2031 557 2117 Sapphus,
588 2035 626 2096 ut
655 2032 690 2095 in
714 2031 951 2116 Prolegomenis
975 2031 1129 2108 uidimus,
1155 2052 1222 2095 non
1245 2030 1363 2116 legitur

167 2153 202 2216 in
237 2152 397 2216 codicibus
431 2151 596 2218 Ouidianis
627 2153 756 2237 optimis
788 2156 820 2217 et
852 2152 1090 2230 uetustissimis,
1123 2174 1226 2236 neque
1258 2151 1363 2217 Ouidii

167 2273 297 2338 nomine
339 2277 387 2338 est
429 2273 584 2359 inscripta
620 2274 682 2338 nisi
722 2275 758 2338 in
799 2275 908 2359 paucis
943 2274 1106 2339 deterioris
1141 2277 1238 2338 notae
1273 2273 1363 2340 libris

168 2396 217 2481 (ll.
249 2420 291 2459 m.
322 2421 379 2482 ml.
403 2421 446 2480 vg.
473 2398 525 2483 [p.
552 2397 624 2480 Ιι.]).
652 2395 713 2461 Vbi
737 2400 845 2460 autem
870 2419 938 2461 eum
966 2395 1074 2461 Ouidii
1098 2394 1275 2461 Heroidum
1298 2397 1363 2481 epi·

169 2517 260 2581 stulis
291 2517 463 2582 ooniunota
491 2517 671 2603 inuenitur,
695 2518 735 2582 iis
759 2521 808 2582 est
830 2519 880 2583 uel
904 2518 1086 2603 praeposita
1102 2518 1361 2602 uelpostposita3

169 2660 326 2723 nusquam
360 2639 446 2702 inter
477 2642 529 2703 eat
561 2639 678 2724 legitur
708 2639 779 2704 loeo
810 2638 880 2716 XV,
912 2661 1005 2724 quem
1036 2639 1141 2704 losum
1179 2638 1305 2702 obtinet
1328 2639 1363 2703 in

168 2758 361 2824 editionibus
386 2760 478 2826 Ouid.
506 2761 582 2824 inde
605 2783 624 2824 a
646 2759 731 2826 Dan.
754 2759 888 2825 Heinsio
912 2781 964 2825 en.
992 2760 1078 2824 1629
1098 2782 1198 2845 nsque
1218 2760 1259 2825 ed
1277 2761 1363 2825 Mer·

168 2880 288 2945 kelium
319 2881 477 2948 omnibus.
524 2881 708 2945 Mirandum
731 2880 832 2965 igitur
855 2902 922 2946 non
946 2883 994 2945 est
1018 2881 1175 2945 exstitisse
1197 2881 1262 2945 iem
1287 2882 1362 2946 olim

167 3001 254 3065 uiros
278 3004 388 3067 doctos
412 3001 500 3066 houd
521 3013 659 3086 paucos,
682 3003 737 3086 qni
761 3025 838 3066 num
863 3005 904 3066 ed
927 3001 1078 3066 Ouidium
1102 3006 1262 3068 auctorem
1281 3005 1363 3068 esset

165 3121 346 3201 referende,
383 3123 587 3188 uehementer
619 3123 805 3188 dubitarent
836 3127 1054 3208 negarentque
1081 3145 1168 3202 eam,
1193 3125 1233 3189 ab
1258 3124 1364 3190 Ouidii

167 3241 343 3306 Heroidum
374 3244 519 3329 epistulis
542 3244 638 3329 plane
661 3245 856 3328 seiunctam,
882 3246 1039 3328 quantum
1062 3245 1189 3330 quidem
1214 3267 1253 3310 ex
1276 3247 1364 3311 eodi-

167 3385 239 3428 oum
275 3364 400 3428 ratione
435 3368 467 3428 et
498 3365 611 3430 habitu
640 3364 773 3429 iudicari
805 3367 930 3450 posset,
955 3367 1125 3450 quiequam
1149 3387 1221 3431 oum
1243 3367 1283 3432 iis
1303 3368 1363 3432 ha-

168 3487 243 3550 bere
275 3488 493 3563 eommur1e¹).
526 3486 733 3572 infregerunt
765 3509 838 3551 uero
866 3487 981 3551 horum
1011 3488 1202 3553 sententiam
1229 3490 1363 3554 inuenta

166 3606 325 3691 Exoerpta
356 3607 502 3672 Parisina
535 3629 615 3672 seeo.
649 3608 745 3673 XIII.
778 3612 811 3672 et
840 3607 1006 3674 Vincentii
1038 3608 1270 3676 Bellonaoensis
1296 3611 1362 3677 Ex·

167 3737 275 3812 eerpta
307 3730 400 3814 (saec.
436 3729 542 3815 XIII),
574 3752 593 3794 a
625 3729 867 3796 Schneidewino
899 3735 932 3795 et
954 3729 1171 3815 Comparettio
1191 3733 1226 3797 in
1251 3736 1362 3799 dueto-

166 3873 238 3915 rum
269 3850 418 3914 notitiam
451 3852 585 3934 prolata.
620 3851 769 3930 Etenim,
795 3855 832 3916 ut
854 3853 986 3938 exposui
1009 3853 1043 3916 in
1067 3853 1306 3940 Prolegomenis
1329 3879 1361 3941 p.

168 3974 207 4056 3,
239 3973 387 4056 excerpta
412 3993 450 4036 ex
475 3973 611 4058 epistula
635 3972 782 4059 Sapphus
806 3975 852 4038 ibi
874 3975 958 4039 inter
983 3979 1131 4061 excerpta
1154 3975 1261 4041 Ouidii
1284 3975 1361 4042 Her.
1412 3989 1415 3994 '

203 4199 228 4264 I)
245 4199 341 4250 Primus
356 4202 478 4260 omnium,
494 4205 610 4267 quantum
631 4202 691 4260 seio,
710 4201 752 4266 qui
768 4201 811 4250 illo
828 4202 894 4252 nisus
911 4206 1051 4267 argumento
1069 4203 1174 4269 spurium
1190 4203 1306 4253 iudicauit
1314 4204 1362 4269 epi·

165 4282 265 4340 stulam.
288 4283 336 4333 fuit
357 4287 386 4334 A.
411 4286 438 4334 G.
465 4284 556 4344 Raabe,
581 4287 710 4348 Interpret.
738 4285 824 4334 oderit
845 4285 952 4349 Sapphus
974 4285 1001 4333 in
1023 4286 1130 4336 Venerem
1149 4285 1265 4348 (Lipsiae,
1285 4284 1362 4352 1794)

163 4381 188 4429 p.
214 4367 240 4424 5,
265 4365 381 4429 siquidem
407 4366 466 4415 bene
489 4366 602 4430 intellego
624 4366 697 4416 uerba
714 4367 764 4416 eius
781 4367 841 4416 mire
858 4371 967 4416 contorta
985 4370 1010 4417 et
1027 4367 1124 4417 obseura
1141 4367 1235 4417 haecce:
1254 4368 1300 4416 illa
1317 4369 1365 4434 epi·

163 4449 231 4495 stulu
246 4447 339 4496 omnino
354 4449 439 4512 spurla
455 4449 554 4498 uidetur
570 4453 642 4512 atqroe
658 4462 778 4512 suspecta,
793 4466 866 4514 quare
879 4450 905 4498 in
918 4450 1039 4498 manullo
1048 4450 1177 4500 Heroidum
1192 4447 1363 4501 Omklianurum

163 4530 342 4593 eamnplarilaa
357 4531 405 4580 nisi
417 4531 600 4590 recentissimis,
614 4531 737 4594 reperitur.
757 4532 840 4582 Seeuti
854 4534 909 4582 sunt
918 4548 972 4581 eum
982 4530 1034 4580 Ioh.
1045 4530 1098 4580 Val.
1109 4531 1230 4593 Francia,
1239 4533 1364 4583 Schneide-

165 4611 232 4677 irin,v
244 4616 302 4672 cen,
324 4630 383 4679 quus
400 4613 481 4682 paullo
499 4613 562 4664 infra
578 4611 727 4664 enumerabo.
