3274 5292
189 688 347 772 sopitum,
379 687 417 750 ut
448 706 520 748 eum
546 684 755 750 dormientem
779 683 985 749 osculereinr.
1011 681 1078 748 Alii
1100 685 1237 748 narrari
1256 688 1381 766 Ionem,

189 810 244 873 aui
273 808 382 893 ipsius·
405 806 551 892 precibus
580 807 775 871 eommoinm
799 804 963 891 (Apollod.
989 803 1015 870 L
1043 806 1073 869 7.
1099 804 1143 891 5),
1169 810 1224 870 eui
1247 806 1381 888 iratum,

187 931 290 1014 quod,
322 928 356 992 in
381 927 553 1013 Olympum
586 949 604 991 a
638 948 671 992 se
706 929 869 1012 mospius,
906 926 1023 992 Iunoni
1059 926 1125 990 uim
1160 925 1263 992 faeere
1298 931 1382 992 esset

189 1052 322 1118 conatus
345 1048 463 1135 (Schol.
489 1048 649 1114 Theocrii.
669 1047 731 1114 III.
750 1049 825 1136 49),
839 1053 1027 1134 perpetuum
1039 1069 1187 1113 somnum
1209 1049 1238 1112 ei
1250 1049 1382 1115 dedisse.
1398 1141 1400 1146 Ι

236 1279 292 1344 Vr.
307 1281 360 1344 93.
386 1277 413 1342 Ο
434 1299 495 1342 reno
520 1298 628 1342 Annvc
653 1299 803 1358 werris,
828 1300 890 1344 nnc
908 1299 1204 1365 rrnevnn,vr11.1s
1226 1299 1326 1344 Annis
1340 1277 1379 1367 ¹).

191 1400 231 1468 ef.
255 1401 331 1466 Mer.
352 1399 429 1467 VII.
452 1399 512 1466 54:
536 1400 651 1466 Frater
668 1402 767 1466 adhue
785 1403 911 1488 infan33
932 1401 976 1468 X.
998 1401 1082 1468 615:
1103 1402 1166 1467 Sed
1184 1405 1267 1488 quod
1284 1403 1384 1468 adhue

189 1547 268 1612 puer
290 1537 343 1589 eet.
375 1547 437 1588 non
464 1546 512 1589 me
544 1535 645 1588 mouet
673 1526 753 1611 ipse,
787 1527 840 1588 sed
870 1537 972 1600 aetam
996 1523 1073 1590 XII.
1099 1524 1182 1589 464:
1208 1525 1276 1589 huie
1299 1538 1383 1590 aetas

192 1649 273 1711 inter
295 1649 490 1733 iuuenemque
513 1666 687 1733 senemque3
713 1645 799 1710 Fast.
825 1645 886 1710 III.
917 1647 981 1711 773
1005 1668 1069 1731 sq.:

329 1765 402 1832 Siue
425 1767 509 1852 quod
531 1769 599 1853 ipse
621 1789 700 1853 puer
724 1789 847 1853 semper
870 1767 1056 1852 iuuenisque
1078 1769 1211 1849 uideris,

200 1979 202 1983 ι
318 1977 320 1980 ¹
373 1887 417 1953 Et
441 1889 544 1953 medie
568 1895 616 1955 est
638 1891 724 1954 aeies
747 1890 832 1954 inter
854 1892 1024 1974 utrumque
1047 1890 1116 1956 tibi.
1243 1970 1246 1974 .

193 2011 233 2076 ef.
259 2014 291 2075 ei
313 2008 411 2096 Verg.
436 2009 518 2076 Aen.
543 2011 605 2076 XI.
630 2011 691 2078 70:
722 2009 781 2076 Cui
802 2034 896 2099 neque
913 2012 1026 2098 fulyor
1043 2014 1160 2091 adhue,
1180 2015 1307 2083 necdum
1327 2039 1384 2080 rua

188 2133 300 2219 forma
319 2135 448 2197 reeaeeie.
515 2153 576 2196 nne
609 2151 670 2196 mir
702 2153 787 2196 even
818 2133 937 2197 dietum
962 2137 1010 2198 est
1039 2138 1076 2199 ut
1099 2132 1192 2201 Δ.Α.
1217 2134 1261 2200 Π.
1286 2135 1329 2201 93
1354 2139 1387 2224 ei

192 2252 270 2320 Mer.
297 2252 390 2318 vm.
415 2255 497 2319 231:
522 2254 568 2319 Ar
591 2257 682 2339 paier
703 2253 834 2334 infelix,
860 2277 919 2320 nee
941 2255 1004 2320 iam
1027 2261 1138 2341 pater.
1155 2255 1272 2322 ...sio
1287 2281 1386 2346 paene

189 2398 270 2464 puer
292 2373 369 2440 Mei.
394 2375 454 2441 IX.
481 2377 564 2462 3983
589 2397 628 2441 ex
651 2375 745 2441 Poni.
769 2375 828 2442 IV.
855 2376 905 2441 12.
934 2379 986 2442 20.

240 2496 385 2562 Ausonio
409 2499 510 2563 menti
534 2499 718 2564 obuerseiur
743 2521 809 2564 erse
832 2500 957 2566 uidetur
979 2499 1032 2565 hie
1051 2519 1177 2565 uersus:
1199 2500 1234 2564 in
1253 2500 1387 2566 Mosella

194 2641 240 2684 us.
277 2620 355 2685 129:
395 2620 457 2700 Qui
485 2623 612 2706 necdum
642 2620 765 2700 Salmo,
789 2645 841 2687 nee
864 2625 929 2686 iam
952 2621 1062 2700 Salar,
1087 2623 1304 2709 ambiyunsqee
1326 2624 1388 2711 eei.

195 2741 261 2807 uid.
286 2741 363 2806 Lud.
393 2741 488 2807 Troes
512 2743 547 2806 in
571 2747 740 2807 comment.
765 2743 805 2807 ad
830 2743 953 2807 Auson.
978 2742 1037 2807 loe.

241 2862 332 2929 Nihil
361 2885 437 2928 uero
469 2864 503 2929 in
534 2865 595 2929 hoe
628 2886 674 2929 us.
698 2865 801 2929 inesse
824 2864 933 2940 uideo¹
960 2864 1045 2949 qnod
1068 2864 1186 2937 rustice
1210 2863 1387 2950 Ouidioque

196 2986 328 3070 indigne
351 2987 471 3051 dietum
495 2985 597 3065 foret,
620 3008 718 3071 quare
743 3007 852 3050 seuero
875 2985 923 3050 illi
946 2986 1063 3051 iudicio
1087 3008 1106 3050 e.
1129 2986 1281 3052 Teuffelio
1300 2985 1386 3052 faeie

200 3107 277 3195 (uid.
302 3108 353 3174 ed.
378 3130 425 3174 us.
451 3108 508 3194 24)
532 3108 680 3172 assentiri
703 3108 832 3172 minime
856 3130 995 3193 possum.

244 3321 302 3386 Vs.
327 3323 383 3387 94.
408 3320 554 3388 Onrcvs
579 3343 681 3396 Arevn
707 3341 783 3386 Anvr
808 3343 929 3387 enom
954 3342 1065 3388 neers
1089 3343 1152 3388 rv1.
1178 3321 1218 3386 ef.
1243 3320 1387 3386 exPont.

197 3441 240 3507 II.
266 3444 295 3508 8.
323 3443 383 3506 25:
399 3494 405 3508 .
499 3445 589 3510 saecli
611 3447 698 3510 deeris
720 3447 838 3520 nostre'3
862 3443 940 3509 Mer.
964 3443 1041 3508 XII.
1068 3443 1149 3509 178:

426 3564 453 3629 0
477 3564 614 3630 facunde
637 3587 749 3643 senex,
774 3565 844 3630 aeui
866 3564 1037 3650 prudentia
1060 3562 1172 3628 nostri.

199 3684 294 3749 Trisi.
319 3683 360 3750 V.
386 3686 417 3751 2.
442 3687 503 3751 49:
528 3686 555 3751 0
580 3687 735 3776 decusso
758 3687 881 3772 pairiee
903 3708 960 3771 per
983 3688 1015 3750 ie
1037 3685 1179 3750 florentis
1202 3685 1317 3770 imago.

198 3805 284 3870 Fesi.
309 3805 369 3871 VI.
394 3808 477 3872 810:
501 3806 528 3871 0
556 3810 664 3891 denus,
689 3829 708 3872 ο
732 3828 821 3872 saera
843 3807 962 3871 femine
985 3807 1083 3890 digne
1107 3806 1212 3872 domo.

199 3926 274 3992 Am.
298 3926 359 3992 ΙΙΙ.
387 3928 437 3993 15.
463 3930 499 3993 8:
525 3929 678 4013 Pelignae
700 3929 803 4014 gloria
826 3915 941 4013 geniis.

247 4137 302 4206 Vs.
328 4139 381 4204 95.
405 4139 477 4204 Hve
501 4161 602 4220 Aere,
627 4143 664 4205 ut
683 4141 758 4205 Am.
783 4141 807 4206 I.
833 4143 863 4206 6.
889 4140 1017 4220 54311.
1044 4141 1096 4205 12.
1124 4141 1183 4217 163
1207 4139 1268 4205 ΙΙΙ.
1283 4140 1313 4203 2.
1328 4140 1370 4204 46

200 4260 297 4328 Trist.
327 4260 368 4327 V.
396 4263 425 4326 3.
451 4263 521 4340 43,
544 4267 603 4327 eei.
653 4283 751 4336 mern
782 4283 874 4326 servs
907 4282 1077 4326 senneser
1108 4283 1166 4347 pro
1190 4262 1278 4327 aaron·
1298 4285 1390 4327 eursu

201 4395 368 4468 reuertere,
395 4386 432 4447 ui
453 4383 531 4450 Her.
555 4384 598 4449 X.
625 4386 711 4450 149:

339 4503 446 4570 Fleeie
468 4509 587 4586 ratem,
612 4505 753 4586 TheseU,
778 4526 931 4591 uersoque
953 4507 1094 4571 relabere
1116 4506 1231 4570 uenio!

239 4725 266 4792 1)
283 4727 312 4777 ei
330 4728 398 4778 Δ.Α.
415 4725 451 4776 11.
469 4724 531 4778 667=
554 4725 640 4786 Utilis,
658 4741 672 4774 o
689 4725 797 4785 iuuene,
814 4728 859 4774 aut
876 4725 944 4785 haee,
961 4729 1006 4776 aut
1023 4723 1097 4775 serior
1111 4728 1186 4774 aetas.
