3324 5284
535 1372 1065 1482 Pnonneonnnl.

701 1727 871 1736 n*—

245 1976 394 2061 Hpistula
427 1975 590 2062 Sapphus,
626 1999 708 2062 quae
742 1977 777 2041 in
811 1975 1005 2041 editionibus
1039 1975 1206 2040 Ouidianis
1239 1975 1314 2041 inde
1349 1976 1391 2042 ab

200 2097 332 2162 Heinsio
367 2122 467 2184 usque
497 2102 537 2162 ed
567 2099 756 2164 Merkelium
787 2098 934 2162 omnibus
962 2098 1047 2162 inter
1079 2096 1186 2161 Ouidii
1216 2095 1392 2162 Heroidum

201 2219 353 2303 epistulas
383 2220 502 2305 legitur
523 2221 594 2286 loco
617 2220 696 2298 XV,
720 2220 757 2285 in
780 2219 870 2284 nullo
895 2219 1071 2284 carminum
1096 2218 1203 2283 Ouidii
1225 2218 1332 2284 codice
1355 2241 1392 2284 eo

201 2341 271 2425 ipso
297 2343 368 2406 looo
391 2343 568 2407 inuenitur.
593 2343 634 2406 In
657 2340 879 2407 uetustissimis
904 2340 1095 2425 optimisque
1119 2340 1209 2404 codd.
1233 2340 1393 2406 omittitur

203 2463 320 2546 (neque
348 2463 434 2527 inter
464 2463 618 2528 Heroides
649 2486 719 2528 eam
750 2463 868 2528 Graece
898 2462 996 2526 uertit
1018 2461 1178 2526 Maximus
1200 2461 1392 2549 Planudes)‚

203 2583 236 2646 in
268 2583 378 2647 multis
409 2586 457 2648 est
487 2589 543 2649 aut
566 2585 676 2650 ceteris
698 2583 874 2649 Heroidum
898 2583 1043 2668 epistulis
1066 2583 1255 2667 praemissa,
1279 2583 1392 2648 autin

204 2704 321 2769 calcem
346 2706 449 2790 operis
474 2745 514 2754 —
541 2711 614 2790 post
638 2705 797 2791 Cydippes
820 2705 990 2791 epistulam
1012 2741 1053 2754 -
1074 2704 1209 2781 reiecta,
1231 2708 1286 2769 aut
1305 2726 1394 2789 sepa-

203 2827 299 2890 ratim
333 2827 418 2892 inter
448 2827 511 2892 alia
542 2827 650 2892 Ouidii
680 2827 837 2911 carmina,
869 2826 1004 2892 Amores
1035 2826 1172 2891 maxime
1203 2829 1235 2890 et
1265 2823 1394 2906 Fastos,

204 2947 340 3033 scripta3
364 2971 457 3034 saepe
480 2951 616 3035 denique
638 2950 674 3014 in
698 2950 859 3014 codicibus
883 2949 962 3014 elius
987 2949 1149 3033 scriptoris
1172 2947 1279 3012 Latini
1299 2969 1395 3032 opera

204 3071 443 3136 continentibus
466 3072 639 3137 inuenitur.
675 3071 783 3136 Ouidii
802 3076 907 3137 autem
931 3072 1061 3135 nomine
1084 3092 1151 3135 non
1175 3073 1224 3135 est
1241 3070 1396 3154 inscripta

204 3192 267 3257 nisi
296 3193 331 3256 in
363 3193 473 3277 paucis
504 3215 584 3259 seeo.
615 3192 678 3258 XV
710 3192 789 3278 MS,
820 3193 856 3257 in
883 3192 1042 3277 plerisque
1065 3195 1102 3256 ut
1125 3191 1225 3276 ipsius
1248 3191 1395 3276 Sapphus

204 3334 331 3378 carmen
363 3314 591 3380 circumfertur.
626 3315 664 3379 In
690 3315 882 3379 editionibus
905 3335 981 3378 uero
1005 3313 1166 3378 ueteribus
1189 3313 1264 3378 inde
1287 3335 1307 3376 a
1329 3312 1394 3378 Bo·

204 3435 352 3498 noniensi
382 3439 414 3500 et
444 3435 591 3500 Romana
621 3435 818 3520 principibus
842 3437 909 3520 (an.
935 3436 1036 3520 1471)
1060 3455 1159 3518 usque
1183 3435 1223 3498 ad
1246 3431 1395 3498 Heinsia·

205 3576 281 3618 nani
311 3556 446 3640 primam
469 3556 617 3622 omnibus
639 3557 816 3621 Heroidum
839 3567 972 3621 numero
995 3556 1047 3620 uel
1071 3555 1252 3640 praeposita
1275 3559 1323 3620 est
1344 3556 1396 3621 uel

205 3677 392 3761 postposita.
432 3675 503 3740 Hoc
533 3678 627 3741 modo
651 3699 723 3742 oum
747 3678 789 3742 sit
812 3677 994 3762 posteritati
1015 3677 1135 3742 tradita
1158 3676 1303 3761 Sapphus
1326 3678 1394 3762 epi·

204 3798 305 3878 stola,
335 3799 422 3862 haud
448 3797 626 3862 mirandum
651 3802 700 3863 est
721 3797 890 3863 Heinsium
914 3821 933 3863 a
956 3797 1066 3863 multis
1088 3819 1154 3862 esse
1177 3797 1394 3882 uituperatum

204 3922 290 4003 quod
312 3922 432 3983 temere
456 3956 497 3967 —
522 3922 558 3982 ut
581 3919 749 3983 uidebatur
773 3957 813 3968 -
838 3919 887 3983 illi
907 3918 969 3984 XV
989 3920 1094 3984 locum
1112 3919 1198 3982 inter
1216 3917 1393 3984 Heroidum

204 4039 355 4124 epistulas
375 4039 575 4123 assignasset.
607 4038 730 4105 Iniuria
748 4062 823 4105 uero
843 4041 964 4125 primus
982 4041 1027 4106 sic
1045 4040 1156 4106 fecisse
1167 4039 1285 4104 dicitur
1294 4039 1394 4124 uulgo

203 4161 354 4226 Nicolaus
377 4160 544 4239 Heinsius,
569 4160 677 4225 Ouidii
699 4162 753 4226 ille
777 4184 851 4228 uere
874 4163 1062 4248 sospitator3
1086 4163 1150 4226 iam
1173 4162 1258 4226 enim
1279 4161 1314 4225 in
1325 4161 1393 4224 edi·

203 4282 289 4346 tione
325 4281 433 4346 Ouidii
467 4282 643 4347 carminum
678 4282 879 4348 Elaeuiriane
909 4285 1030 4368 prima,
1062 4283 1237 4349 aDaniele
1259 4281 1393 4348 Heinsio

204 4425 256 4469 an.
283 4404 369 4468 1629
394 4407 522 4482 curata,
545 4426 617 4469 oum
641 4405 798 4470 decimum
822 4405 935 4470 aetatis
954 4428 1076 4471 annum
1101 4405 1244 4469 nondum
1267 4406 1392 4488 ingres·

204 4549 256 4592 sus
287 4530 368 4591 esset
398 4525 482 4591 filius
505 4526 673 4611 Nicoleus,
698 4527 787 4591 illum
811 4527 915 4611 ipsum
938 4528 1044 4592 locum
1068 4526 1221 4610 epistulae
1244 4524 1393 4611 Sapphus

205 4652 315 4714 datum
347 4671 413 4715 esse
443 4649 595 4714 uidemus
629 4649 697 4716 Neo
726 4652 834 4714 tamen
866 4671 940 4714 casu
963 4649 1103 4733 quodam
1125 4648 1245 4714 factum
1267 4669 1334 4713 esse
1357 4649 1395 4732 ut

1279 4771 1294 4822 1
