3274 5292
753 408 817 474 143

181 589 278 674 Trag.
307 589 399 656 Rom.
423 612 454 674 p.
482 589 557 656 231.
584 591 628 676 8).
665 590 708 656 Et
730 592 808 675 quid
828 594 959 656 tandem
984 614 1023 656 ex
1046 592 1199 658 eiusmodi
1225 593 1374 658 obserua-

181 709 270 775 tione
304 710 462 775 efficitur?
511 710 597 777 Talis
632 711 768 789 locutio,
805 734 886 797 quae
921 716 1090 798 argenteae
1125 714 1238 780 aetatis
1272 715 1375 798 poetis

182 833 357 898 communis
396 838 443 898 est
472 833 647 918 plerisque,
679 855 734 899 our
767 835 877 918 nequit
908 835 1039 919 probari
1071 835 1098 899 si
1131 835 1214 920 apud
1245 838 1373 919 poetam

182 953 294 1018 aetatis
326 975 439 1018 aureae
462 955 557 1019 semel
580 955 762 1034 inuenitur,
786 979 806 1021 a
829 977 892 1041 quo
916 978 986 1021 eam
1012 958 1216 1040 sumpserunt
1239 956 1375 1021 fortasse

181 1077 394 1142 recentiores?
429 1076 562 1143 Nullum
594 1079 679 1143 enim
713 1083 834 1144 certum
861 1079 1014 1144 habemns
1036 1079 1190 1144 indicium
1214 1079 1285 1163 quis
1309 1078 1375 1162 pri·

182 1222 254 1264 mus
285 1221 354 1264 eam
384 1200 420 1264 in
452 1223 543 1266 usum
575 1201 798 1266 introduxerit.
835 1201 901 1267 Nec
933 1203 1101 1286 quicquam
1132 1201 1224 1265 uideo
1247 1200 1374 1265 obstare

182 1320 352 1404 queminus
375 1326 408 1386 et
430 1313 592 1386 Nasonem
615 1323 676 1387 hoc
698 1322 854 1387 uocabulo
878 1345 971 1387 usum
994 1344 1060 1388 esse
1079 1322 1289 1406 arbitremur,
1302 1343 1374 1386 oum

180 1441 214 1506 id
247 1464 313 1507 non
342 1443 389 1507 ite
420 1443 521 1508 multo
552 1446 626 1528 post
656 1466 728 1508 eum
752 1466 771 1508 a
794 1444 903 1509 multis
927 1439 1117 1528 usurpatum
1142 1465 1208 1509 esse
1231 1446 1371 1518 constet3

181 1565 266 1646 opud
298 1561 436 1630 Graecos
459 1564 542 1630 'uero
566 1568 676 1648 poetas
696 1565 793 1646 χέλυς
819 1587 876 1648 pro
900 1567 969 1651 lyra
992 1565 1090 1632 fixerit
1112 1566 1375 1644 usitatissimum,

180 1685 279 1749 immo
309 1686 351 1751 ab
380 1687 450 1771 ipso
469 1685 640 1771 Sapphone
664 1685 716 1772 (fr.
742 1685 840 1753 XLV.
867 1686 987 1773 Bergk)
1013 1687 1223 1753 consimiliter
1247 1688 1376 1752 adhibi·

181 1810 270 1884 tum;
301 1811 419 1872 testudo
451 1812 556 1873 autem
589 1829 625 1872 ea
656 1808 787 1872 notione
818 1809 883 1872 iem
908 1831 927 1872 a
949 1809 1053 1892 poetis
1075 1808 1190 1874 Ouidio
1215 1807 1373 1892 prioribus

183 1928 307 2013 saepius
330 1928 371 1994 sit
394 1928 524 1995 dictum.

227 2048 337 2133 Aeque
360 2070 397 2115 ao
420 2051 522 2136 etelpo
546 2050 685 2115 alienum
709 2050 749 2114 ab
775 2027 889 2114 Ouidio
912 2049 1065 2115 iudicauit
1091 2049 1163 2114 Birt
1183 2050 1375 2115 uocabulum

182 2173 334 2238 barbitos:
376 2171 540 2237 »barbitos
574 2172 679 2237 aliena
715 2172 755 2237 ab
791 2171 905 2237 Ouidio
941 2173 1106 2257 poetisque
1141 2171 1191 2236 his
1226 2172 1396 2268 omnibus

182 2298 307 2378 praeter
339 2295 419 2359 mele
450 2293 565 2359 Horati
596 2294 744 2380 (recurrit
767 2294 851 2378 apud
876 2291 1113 2378 Olaudianos)”.
1150 2291 1198 2357 At
1220 2314 1276 2357 cur
1299 2295 1374 2357 tan·

182 2414 253 2478 dem
288 2414 422 2479 Horatio
448 2413 474 2501 1)
509 2415 601 2479 licuit
635 2415 682 2479 uti
717 2415 773 2478 illo
807 2415 982 2492 uocabulo,
1018 2435 1084 2479 non
1117 2413 1208 2478 licuit
1240 2412 1374 2492 Ouidio,

182 2535 350 2619 praecipue
379 2536 434 2601 ubi
459 2536 527 2621 agit
552 2537 590 2600 de
613 2536 737 2621 poetria
759 2535 929 2616 Lesbiaco,
955 2535 1024 2615 oui,
1047 2535 1093 2599 ita
1116 2536 1206 2599 utet
1228 2535 1374 2600 Anacre-

183 2656 271 2734 onti,
295 2656 444 2722 barbiton
469 2657 565 2722 fuisse
587 2658 839 2722 instrumentum
862 2659 955 2722 docet
976 2655 1161 2721 Athenaeus
1183 2655 1242 2720 IV.
1265 2676 1293 2720 c.
1306 2656 1374 2720 80¹?

76 2809 79 2812 ·
180 2777 234 2845 Ad
267 2781 394 2864 qualem
429 2802 504 2846 uero
540 2783 691 2847 euentum
726 2782 844 2845 ducant
879 2779 1034 2845 eiusmodi
1064 2777 1302 2843 obseruationes
1333 2780 1373 2842 de

182 2901 336 2966 uocabulo
361 2901 467 2987 aliquo
492 2902 588 2967 semel
612 2903 696 2985 apud
721 2904 849 2986 poetam
868 2901 970 2979 lecto,
989 2901 1134 2965 uidemus
1153 2900 1188 2964 in
1208 2899 1371 2976 Pulmone,

180 3023 294 3107 quiin
319 3023 423 3088 Praef.
448 3026 488 3087 ad
512 3022 619 3088 Ouidii
642 3023 719 3088 Her.
740 3047 772 3108 p.
793 3023 893 3101 VIII,
914 3027 1027 3088 contra
1048 3023 1215 3106 epistulam
1229 3025 1374 3086 nestram

181 3144 304 3228 profert
332 3169 455 3210 maeror
485 3147 543 3229 (us.
579 3145 657 3232 117)
689 3147 773 3229 apud
804 3143 953 3209 Ouidium
985 3165 1051 3208 non
1081 3142 1237 3207 inueniri!
1280 3141 1373 3218 Ouod

183 3265 296 3331 uellem
318 3289 383 3331 non
403 3271 520 3331 temere
538 3266 706 3332 excidisset
724 3265 794 3330 uiro
814 3268 854 3330 de
874 3264 980 3329 Ouidii
1001 3263 1156 3348 Epistulis
1168 3266 1234 3326 tam
1246 3261 1372 3346 egregie

182 3387 305 3451 merito.
325 3386 454 3452 Etenim
474 3409 546 3452 eum
568 3386 701 3453 Ouidius
719 3392 751 3452 et
769 3409 903 3452 moerore
915 3386 1012 3451 uerbo
1025 3389 1057 3450 et
1068 3397 1200 3450 maestus
1212 3383 1370 3449 adiectino

182 3510 292 3572 utatur
314 3509 511 3593 saepissime,
541 3533 664 3575 maeror
688 3513 793 3574 autem
816 3509 891 3573 inde
915 3508 955 3572 ab
978 3506 1084 3572 Ennio
1112 3504 1306 3570 sexcentiens
1331 3505 1371 3569 ab

182 3630 331 3694 omnibus
362 3630 428 3695 fere
457 3635 489 3696 et
520 3631 617 3696 soluti
648 3633 680 3695 et
711 3631 810 3695 uincti
839 3629 993 3694 sermonis
1016 3628 1224 3712 scriptoribus
1249 3625 1372 3691 Latinis

182 3751 323 3830 dicatur,
356 3774 419 3837 quo
450 3754 582 3818 tandem
605 3753 673 3817 inre
698 3752 884 3837 prohibetur
907 3753 1001 3836 poeta
1025 3749 1196 3833 quominus
1218 3749 1252 3813 id
1275 3770 1372 3814 uoca-

181 3873 296 3938 bulum.
325 3874 492 3951 adhibeat,
522 3875 585 3938 nisi
615 3874 676 3938 hac
704 3875 775 3958 lege
807 3877 844 3938 ut
876 3872 925 3936 bis
956 3876 1045 3937 tenue
1069 3871 1237 3936 minimum
1261 3872 1371 3934 eodem

181 3993 217 4057 in
250 3995 343 4060 uariis
367 3995 560 4060 carminibus
583 3995 631 4060 uti
653 3995 790 4059 debeat?
825 3993 920 4070 Queri
944 4015 1019 4058 uero
1043 4014 1109 4058 non
1131 3991 1218 4057 facili
1241 3989 1370 4074 negotio

181 4117 267 4201 apud
297 4118 441 4202 quemuis
471 4117 657 4202 scriptorem
688 4137 806 4202 magna
835 4117 929 4182 series
959 4118 1067 4201 posset
1096 4113 1274 4179 enumerari
1298 4134 1371 4177 uer·

181 4239 294 4304 borum
318 4263 399 4324 quae
422 4241 518 4306 semel
542 4243 668 4305 tantum
692 4242 777 4323 apud
800 4260 871 4303 eum
894 4238 1054 4322 leguntur.

216 4524 241 4583 1)
259 4525 285 4574 (t.
304 4524 324 4573 I.
345 4524 367 4572 1.
379 4488 428 4573 '342
447 4521 562 4571 Lesboum
579 4521 675 4570 tendere
688 4519 809 4579 barbiton3
831 4519 948 4569 XXXII.
966 4519 997 4568 4:
1016 4514 1107 4567 barbito
1126 4543 1156 4552 ·—
1174 4512 1257 4566 Lesbio
1266 4512 1372 4582 primum

179 4606 302 4657 modulate
318 4605 373 4654 ciui.
1327 4607 1330 4614 '
