3274 5292
765 385 804 452 81

191 568 316 630 merent
337 586 401 648 quo
421 566 677 631 demonstrarent
696 588 823 631 oarmen
843 566 884 630 ab
903 566 1019 631 Ouidio
1040 589 1106 632 esse
1125 567 1380 633 abiudicandum.

190 683 392 771 Quapropter
419 688 692 772 operaepretium
716 691 822 752 estut
845 691 884 752 de
906 687 967 753 hoc
989 687 1059 753 loco
1083 688 1259 754 accuratius
1283 689 1381 754 disse·

189 828 308 872 ramus.

238 927 381 994 Primum
404 930 633 1015 uituperandus
657 933 705 996 est
729 953 838 996 uersus
861 932 903 995 ob
926 932 1072 997 metricas
1090 931 1246 1014 rationes,
1266 931 1383 1017 quippe

192 1050 250 1134 qui
273 1051 436 1116 contiueat
459 1052 617 1137 duplicem
642 1091 682 1103 -
708 1057 782 1139 post
805 1057 975 1118 secundam
999 1053 1094 1119 simul
1115 1057 1147 1118 et
1166 1056 1313 1138 quartam
1331 1076 1383 1117 ar·

193 1171 244 1236 sin
275 1210 315 1220 -
348 1194 526 1256 caesuram,
558 1174 670 1258 cuique
700 1175 831 1259 insuper
861 1197 917 1260 pes
937 1175 1059 1258 primus
1081 1174 1237 1240 uocabulo
1260 1175 1385 1242 constet

193 1295 381 1379 spondaico,
413 1296 498 1380 qnod
522 1296 610 1360 nullo
634 1298 777 1381 exemplo
801 1296 928 1362 defendi
950 1295 1106 1384 potest1).
1131 1296 1385 1362 Tumsententia

192 1415 298 1480 uerbis
328 1416 444 1480 idonea
475 1439 542 1482 non
572 1417 665 1484 inest.
696 1417 842 1496 Etenim,
867 1422 904 1483 ut
926 1420 1011 1483 reete
1033 1419 1181 1484 obseruat
1203 1416 1383 1494 Baehrens,

192 1536 215 1602 l.
228 1536 250 1602 1.
275 1560 306 1622 p.
329 1537 390 1615 59,
416 1538 530 1602 Latine
553 1560 619 1603 non
644 1539 760 1603 dicitur
783 1539 872 1604 dolor
894 1562 924 1603 ee
947 1542 1081 1622 incenit,
1107 1542 1161 1603 sed
1187 1539 1276 1604 dolor
1298 1540 1384 1602 ianc-

193 1659 242 1722 m't
276 1660 343 1725 iter.
379 1655 563 1744 Comparati
581 1660 669 1724 ¹uero
700 1659 904 1725 aGronouio
928 1660 1024 1746 (obss.
1047 1659 1092 1724 II.
1116 1660 1172 1745 21)
1196 1658 1326 1725 Petron.
1341 1658 1383 1724 47

193 1803 246 1845 nec
275 1783 384 1846 medici
413 1804 443 1846 ee
465 1784 626 1846 inueniunt
649 1785 681 1846 et
705 1781 823 1846 Seneca
846 1783 885 1846 de
909 1781 1013 1845 benef.
1038 1780 1078 1846 V.
1107 1781 1147 1844 12
1173 1783 1332 1867 minusque
1355 1802 1385 1844 ee

192 1904 354 1968 inueniunt
367 1902 392 1987 ¹)
412 1902 569 1987 peculiare
588 1907 756 1987 argenteae
777 1901 962 1966 LatinItatis
981 1923 1083 1986 genus
1103 1901 1228 1965 dicendi
1246 1922 1384 1985 sequun-

193 2025 265 2102 tur,
297 2023 530 2106 significatione
560 2045 580 2088 a
610 2026 719 2088 nostro
743 2023 812 2088 loco
836 2023 981 2087 alienum.
1009 2022 1120 2087 Altera
1145 2023 1250 2086 autem
1272 2021 1384 2100 lectio,

192 2165 290 2228 quam
325 2143 454 2208 exhibet
475 2143 521 2208 H.
547 2166 619 2208 cum
642 2144 712 2208 aliis
734 2144 941 2228 quibusdam,
966 2144 1141 2230 Postquam
1164 2166 1194 2208 se
1217 2144 1306 2209 dolor
1324 2146 1385 2207 im·

192 2267 326 2344 minuit,
354 2287 451 2350 aeque
474 2268 523 2330 est
544 2265 812 2350 reprehendenda.
836 2264 921 2330 Nam
946 2269 978 2329 et
1001 2268 1137 2329 metrum
1161 2240 1271 2329 eodem
1294 2265 1385 2329 labo-

191 2387 247 2450 rat
269 2386 367 2465 uitio,
399 2389 432 2450 et
461 2374 632 2451 uerborum
656 2387 815 2452 sententia
838 2387 1003 2470 proposito
1025 2387 1120 2470 plane
1144 2387 1193 2449 est
1215 2386 1384 2452 contraria.
1439 2435 1442 2442 .

192 2505 273 2572 Non
307 2507 392 2571 enim
426 2505 478 2571 hic
509 2507 615 2592 agitur
646 2509 685 2572 de
715 2507 822 2572 dolore
853 2507 1021 2592 paullatim
1051 2506 1239 2585 imminuto,
1269 2505 1387 2570 sedda

193 2628 297 2694 animi
329 2628 445 2693 affectu
475 2630 541 2692 tam
573 2629 637 2694 acri
669 2631 702 2692 et
730 2628 926 2713 uehementi,
952 2630 989 2692 ut
1012 2628 1135 2713 poetria
1158 2626 1388 2712 desperationis

192 2751 293 2835 plena
323 2752 434 2835 peetus
464 2749 600 2834 plangat
623 2750 789 2835 scissisque
813 2750 953 2815 crinibus
977 2753 1113 2814 maestos
1137 2748 1211 2812 edat
1235 2747 1386 2813 ululatus.

191 2869 364 2935 Eiusmodi
387 2875 495 2936 autom
518 2872 658 2935 dolorem
681 2871 856 2936 uiolentum
880 2876 912 2936 et
933 2871 1120 2936 effrenatum
1146 2868 1322 2955 comparari
1346 2869 1387 2934 ab

192 2991 313 3056 Ouidio
342 2991 490 3056 obseruat
519 2991 681 3056 Baehrens
711 3014 783 3057 cum
814 3013 908 3056 amne
940 3013 1057 3076 magno
1077 2993 1198 3076 impetu
1220 2993 1385 3055 currente:

193 3136 236 3179 ex
260 3112 355 3178 Pont.
380 3112 437 3179 IV.
465 3116 514 3177 11.
543 3114 601 3178 18:
627 3117 701 3178 dum
724 3115 812 3179 dolor·
835 3117 867 3178 ia
891 3138 986 3178 cursu*
1004 3127 1061 3191 eot3
1088 3113 1165 3179 Met.
1187 3111 1280 3178 XIII.
1303 3111 1385 3176 508:

193 3238 230 3300 iri
255 3257 402 3320 cursuque
425 3256 509 3298 meus
532 3235 621 3299 dolor
642 3247 686 3299 eat
709 3233 775 3313 (Sil.
799 3234 872 3301 Ital.
898 3234 989 3299 VIII.
1015 3235 1099 3299 209:
1124 3237 1273 3298 audantes
1296 3255 1387 3318 capro

186 3355 344 3441 frenabat
366 3357 453 3420 corde
476 3356 615 3441 dolores).
640 3354 818 3420 Restituere
835 3354 935 3439 igitur
958 3354 1029 3419 uult
1051 3353 1156 3419 locum
1179 3353 1363 3417 scribendo:

514 3476 688 3561 Postquam
712 3499 745 3541 se
767 3477 859 3540 dolor
882 3478 1000 3540 immisit
1023 3477 1082 3539 cet.

244 3593 323 3676 Sed,
359 3618 437 3682 paoe
468 3596 509 3663 V.
534 3595 581 3663 Ol.
616 3597 763 3680 dixerim,
796 3619 836 3661 ne
867 3595 1057 3680 sicquidem
1077 3616 1126 3659 res
1146 3593 1292 3679 expedita
1308 3593 1388 3658 mihi

192 3719 334 3784 uidetur.
359 3717 450 3793 Quod
473 3717 558 3782 enim
582 3721 623 3782 ad
646 3721 782 3782 metrum
806 3716 1045 3800 attinet,nihil
1063 3715 1262 3801 proficimus:
1280 3716 1390 3780 manet

192 3841 308 3908 eadem
342 3862 452 3904 uersus
473 3839 594 3916 forma,
620 3860 715 3923 quam
736 3838 811 3903 ferri
828 3860 894 3903 non
914 3858 1006 3922 posse
1025 3858 1118 3922 supra
1137 3836 1272 3901 ostendi.
1291 3835 1389 3900 Prae-

193 3967 286 4028 terea
310 3964 415 4026 autem
442 3981 509 4026 non
533 3960 718 4025 crediderim
742 3959 839 4025 uerba
862 3959 950 4024 dolor
972 3981 1002 4023 se
1026 3959 1156 4022 immisit
1179 3957 1224 4022 sic
1247 3954 1389 4020 absolute

193 4083 304 4170 posita
336 4085 420 4148 recte
451 4103 518 4147 sese
544 4080 674 4159 habere;
701 4103 776 4145 nam
800 4102 872 4145 curn
896 4079 1022 4164 egregie
1046 4079 1171 4144 dicatur
1193 4074 1333 4140 »medios
1356 4095 1390 4138 se

193 4204 332 4270 immisit
363 4203 397 4268 in
427 4203 554 4268 hostes”
580 4206 612 4266 et
635 4202 767 4281 similia,
793 4202 912 4266 nudum
937 4201 1017 4265 illud
1040 4223 1070 4266 se
1093 4202 1257 4265 immittere
1278 4194 1388 4279 nullo,

195 4328 359 4412 quantum
383 4325 465 4404 scio,
491 4324 635 4409 exemplo
659 4323 892 4409 comprobatur.

217 4463 415 4480 ——n—-u

234 4521 261 4586 1)
280 4523 316 4572 cf.
335 4522 398 4580 Birt,
417 4521 481 4569 Mus.
499 4515 574 4564 Rhen.
594 4513 702 4562 XXXII.
720 4529 743 4576 p.
762 4513 818 4561 ³90.
835 4510 1000 4574 Fschenhurg,
1019 4506 1094 4558 Matr.
1116 4506 1209 4556 Uetere.
1227 4521 1249 4572 p.
1268 4503 1371 4564 11;1e.

235 4604 260 4668 2)
278 4605 315 4654 01.
335 4604 435 4654 Patron.
454 4599 516 4658 119,
533 4597 578 4646 24:
596 4595 691 4660 quaerit
707 4610 731 4642 se
747 4597 833 4642 natura
848 4609 924 4659 neque
939 4591 1040 4642 inuenit.
1275 4654 1290 4701 6
