3324 5284
855 396 896 460 10

280 577 322 644 69
353 580 530 664 adscriptus
560 582 610 645 est
639 580 769 664 Georgii
792 579 933 644 Merulae
957 578 1047 644 Alex.
1074 578 1320 642 commentarius
1341 577 1381 642 ad
1406 599 1468 641 uss.

280 702 423 766 1-115.
458 702 555 767 Hunc
583 703 699 766 librum
728 724 796 767 uua
824 725 895 766 cum
919 701 987 766 cod.
1014 700 1164 766 Gothano
1189 699 1247 767 Ob.
1272 699 1309 764 B.
1340 699 1425 765 1047
1451 723 1470 764 a

278 824 456 910 Pertschio,
486 825 699 890 illustrissimo
725 825 894 890 Gothanac
919 823 1130 888 bibliothecae
1153 822 1332 908 praefecto,
1355 823 1468 887 huma·

278 945 407 1010 nissimc
433 944 581 1010 Bonnam
606 945 645 1010 ad
669 969 720 1011 mo
744 947 892 1023 missum,
916 945 1010 1012 utin
1035 944 1229 1010 bibliotheca
1254 944 1470 1009 uniuersitatis

277 1066 458 1132 Bonnenais
482 1071 660 1133 excuterem
683 1069 823 1152 benigne
847 1067 991 1152 permisit
1015 1065 1051 1133 (l.
1076 1066 1334 1132 Schaarschmidt
1357 1065 1395 1130 V.
1411 1064 1447 1131 O.

323 1191 362 1275 χ)
386 1191 455 1256 cod.
487 1189 655 1255 Gotbanus
684 1188 743 1255 Ob.
777 1189 815 1254 B.
850 1191 954 1266 1047,
988 1189 1137 1264 chartac,
1163 1210 1242 1253 saec.
1268 1188 1343 1265 XV,
1367 1188 1470 1252 conti-

277 1333 358 1375 nens
388 1310 507 1375 'tibulli
530 1312 654 1396 elegos,
679 1309 786 1376 Ouidii
807 1311 849 1377 A.
874 1309 913 1374 Α.
938 1310 979 1375 ΙΙ.
1007 1310 1205 1388 tlt-1203
1232 1309 1289 1374 III.
1318 1310 1469 1388 59-66,

276 1432 418 1496 carmina
448 1433 602 1516 quaedam
634 1454 673 1496 cx
705 1431 838 1496 Anthol.
871 1432 954 1516 Lat,
985 1432 1073 1497 uaria
1102 1432 1261 1496 uariorum
1285 1430 1468 1496 recentioris

277 1555 348 1618 aeui
377 1557 543 1639 poetarum
574 1553 752 1640 carmina1)
787 1558 820 1618 et
850 1553 916 1638 (fol.
953 1553 1011 1622 581>
1033 1559 1113 1639 sqq.)
1141 1553 1259 1637 Sapph.
1285 1575 1332 1637 ep.
1358 1552 1467 1617 inscri-

276 1681 384 1759 ptam:
404 1675 526 1763 Sophos
544 1676 692 1740 mitilenee
708 1677 838 1763 poetisse
846 1677 985 1762 preclare
996 1679 1039 1739 ad
1057 1676 1219 1740 Pdaonem
1238 1675 1363 1738 siculam
1378 1697 1467 1737 ama·

276 1809 373 1861 torem
406 1820 497 1859 saum
530 1796 659 1883 epistota
688 1797 823 1882 feliciter
857 1799 974 1883 incipit.
1010 1795 1205 1880 Subscriptio
1241 1816 1306 1858 non
1341 1795 1466 1878 legitur.

277 1913 408 1981 Contuli
431 1917 510 2002 ipsc.
566 2003 567 2006 Ἴ

322 2040 367 2124 778)
392 2041 461 2103 cod.
482 2038 741 2105 Vindobonensis
762 2039 985 2126 31113End1.
1007 2039 1193 2117 CXLVIII,
1215 2041 1365 2117 chartac,
1386 2060 1466 2103 saec.

276 2158 341 2225 XV
373 2158 585 2244 (Sedlmayer,
617 2160 714 2224 Proll.
739 2184 769 2245 p.
797 2161 864 2246 12),
896 2162 1064 2226 continens
1094 2161 1182 2225 uaria
1203 2161 1365 2225 uariorum
1389 2159 1466 2224 scri·

275 2284 404 2367 ptorum
423 2303 535 2366 opera,
553 2283 637 2347 inter
656 2305 737 2367 quac
757 2282 864 2347 Ouidii
884 2283 913 2347 A
944 2282 995 2360 A,
1018 2283 1107 2347 Item.
1128 2305 1202 2366 am,
1219 2281 1317 2357 Fast.;
1330 2281 1466 2345 indicem

273 2402 309 2467 in
333 2403 445 2468 Fastos
469 2426 488 2467 a
509 2403 585 2471 Joh.
610 2403 806 2489 Ouspiniano
829 2405 1025 2470 confectum:
1051 2406 1135 2468 inter
1159 2426 1253 2488 quem
1276 2403 1412 2467 indicem
1433 2403 1465 2464 ct

277 2525 364 2591 Petri
394 2525 536 2610 Boponis
566 2527 726 2605 carmina,
750 2550 831 2612 quac
855 2528 1003 2591 ultimum
1028 2528 1177 2591 obtinent
1199 2525 1323 2602 locum,
1347 2524 1468 2587 inserta

276 2651 324 2712 ast
354 2646 472 2732 Sapph.
505 2670 566 2732 ep.‚
598 2648 764 2733 inscripta:
798 2649 904 2737 Sapha
936 2662 1020 2713 uates
1047 2649 1218 2712 clarissima
1242 2649 1284 2710 ad
1307 2646 1467 2708 Phaonem

277 2767 413 2834 Siculam
437 2771 501 2833 eius
523 2782 711 2847 amatorem,
737 2770 930 2853 subscripta:
953 2770 1042 2834 Finis
1066 2769 1190 2856 Saphar
1218 2766 1331 2832 Ouidii.
1359 2763 1465 2830 Colla-

275 2890 395 2954 tionem
431 2890 525 2954 huius
557 2891 646 2975 libri,
680 2891 727 2954 ita
758 2895 795 2954 ut
824 2903 857 2955 ct
887 2912 1013 2968 eorum,
1046 2913 1125 2976 quos
1155 2889 1240 2954 infra
1271 2887 1466 2963 describam,

277 3034 322 3096 79.
336 3034 378 3094 c,.
390 3037 421 3077 n.
435 3037 459 3090 ρ.
486 3012 584 3076 debeo
608 3013 727 3096 insigni
746 3033 821 3097 erga
842 3036 891 3077 mc
909 3012 1149 3077 beneuolentiae
1169 3008 1363 3093 Sedlmayeri
1377 3007 1416 3070 V.
1431 3004 1466 3071 Ο.

322 3139 365 3216 79)
389 3133 456 3196 cod.
483 3132 741 3197 Vindobonensis
765 3134 870 3211 3160,
890 3134 1006 3219 partim
1027 3133 1218 3208 membran,
1238 3130 1354 3214 partim
1375 3128 1466 3193 cbar-

276 3256 348 3328 tac,
373 3275 452 3317 saec.
478 3253 544 3318 XV
568 3253 782 3339 (Sedlmayer,
806 3254 902 3319 Proll.
926 3278 957 3339 p.
986 3256 1051 3338 12),
1077 3253 1245 3317 continens
1265 3251 1353 3315 uaria
1373 3272 1468 3334 opera

276 3373 512 3456 quinquaginta
544 3374 619 3451 tria3
653 3375 739 3438 inter
768 3373 871 3439 Seruii
901 3375 936 3438 in
967 3374 1063 3458 Vcrg.
1097 3375 1267 3437 comment.
1295 3371 1409 3455 fragm.
1422 3373 1468 3434 'ct

277 3493 446 3577 epistulam
482 3494 569 3558 loan.
602 3495 749 3579 Pegoloti
779 3499 820 3559 ad
849 3495 1051 3560 Dominioum
1085 3493 1286 3560 Cardinalcm
1319 3496 1357 3556 de
1388 3492 1467 3556 schi-

276 3617 376 3679 smate
399 3616 518 3699 scripta
538 3618 586 3680 cst
604 3615 722 3700 Sapph.
744 3639 793 3702 ep.
814 3619 882 3682 sine
902 3618 967 3682 ullo
987 3618 1091 3680 titulo.
1113 3614 1334 3698 Subscriptum
1354 3613 1382 3677 ei
1403 3617 1465 3677 est:

276 3735 415 3822 Explicit
437 3737 565 3823 epistola
589 3737 710 3824 Sapltos
732 3741 861 3826 poeticae
883 3740 1034 3803 mutilene.

321 3858 363 3942 7,)
387 3857 454 3921 cod.
489 3856 735 3922 Gremilancnsis
768 3860 850 3938 329,
882 3859 1030 3937 chartac,
1058 3882 1137 3926 saec.
1163 3858 1226 3924 XV
1250 3859 1463 3945 (Sedlmayer,

275 3977 374 4041 Proll.
399 3999 428 4060 p.
452 3978 519 4063 22),
533 3979 702 4043 continens
715 3980 803 4044 uaria
814 3981 1023 4046 recentiorum
1036 4003 1149 4065 opera,
1172 3983 1327 4045 tractatus
1339 3979 1467 4045 Aeneae

275 4096 366 4163 Siluii
397 4102 523 4162 tantum
546 4121 612 4163 uon
637 4121 764 4179 omnes,
789 4106 820 4166 et
843 4102 897 4165 fol.
925 4101 1134 4167 179b-204b
1158 4101 1265 4166 Ouidii
1291 4103 1465 4181 Heroides,

276 4240 354 4302 quas
384 4219 502 4304 excipit
532 4218 651 4305 Sapph.
684 4244 731 4306 cp.
765 4222 810 4287 sic
839 4223 1008 4308 inscripta:
1034 4225 1162 4313 Sappho
1186 4239 1270 4290 nates
1293 4227 1467 4290 clarissima

275 4341 318 4402 ad
339 4340 501 4406 Phaonem
525 4343 653 4406 siculam
676 4346 739 4408 eius
762 4358 941 4411 amatorem.
978 4343 1173 4434 Subscriptio
1198 4368 1265 4411 non
1290 4346 1417 4429 legitur.

320 4460 352 4538 7)
376 4460 444 4524 cod.
475 4462 510 4525 in
542 4462 643 4527 Musei
675 4463 868 4529 sutanum
899 4466 1082 4530 collectione
1113 4450 1286 4531 sl‘oanrana
1317 4489 1349 4528 n.
1382 4466 1467 4545 777,

309 4617 334 4677 1)
353 4618 389 4668 Ol.
405 4619 593 4680 Jacobs-Ubert,
612 4620 627 4669 l.
647 4620 664 4672 1.
682 4621 702 4670 1.
720 4637 743 4685 p.
761 4622 823 4681 25ος
842 4623 968 4673 269.111.
986 4640 1008 4688 p.
1027 4625 1060 4672 43
1077 4639 1127 4687 sqq.
