3324 5284
828 417 871 481 62

301 601 446 679 Stoenos,
481 600 605 686 syllaba
639 600 742 683 prima
773 604 935 684 correpta,
967 599 1121 684 produota
1150 601 1267 674 altera,
1298 604 1336 666 ut
1367 601 1448 668 Hor.

254 721 359 806 Epod.
383 720 488 788 XVII.
515 722 575 786 32:
601 759 641 769 -
667 742 726 785 neo
747 720 863 785 Stoana
887 720 1010 785 feruida
1033 720 1149 786 Virons
1171 723 1207 785 in
1230 722 1338 787 Aetna
1356 723 1448 787 flam-

255 866 308 907 ma
315 865 324 921 ;
352 841 450 928 Verg.
476 843 559 908 Aen.
583 840 624 908 V.
650 843 693 906 24
723 879 759 889 —
784 855 951 930 portaeque
975 841 1119 920 Seuerou
1145 847 1240 907 -et
1263 843 1448 929 aioaaepia-

254 965 342 1030 sime.
377 964 518 1029 Saeoniua
542 967 672 1041 eontra,
696 963 799 1048 prima
826 967 998 1048 producta,
1019 968 1165 1050 oorrepta
1186 965 1303 1030 altera:
1319 965 1396 1030 Met.
1412 965 1448 1030 V.

255 1086 339 1163 464,·
372 1085 448 1151 495.
481 1083 573 1149 XIII.
609 1085 685 1151 724.
718 1083 789 1151 XV.
824 1085 899 1150 279.
930 1085 1049 1151 &odaia
1073 1086 1137 1151 Ibis
1162 1086 1247 1172 596;
1273 1089 1312 1152 of.
1337 1086 1449 1172 Heyne

256 1208 296 1270 ad
321 1205 417 1292 Verg.
441 1205 522 1270 Aen.
548 1206 574 1272 I.
601 1205 677 1271 557.

301 1449 357 1516 Vs.
383 1449 424 1515 58
449 1488 493 1499 —
517 1471 576 1514 uva
609 1471 692 1529 suu,
724 1470 899 1519 vum...
945 1473 1038 1518 uvea.
1071 1451 1135 1519 Our
1158 1454 1243 1520 dieat
1266 1476 1299 1520 se
1322 1454 1450 1542 Sappho

257 1571 390 1638 Veneris
411 1575 517 1637 uatem
542 1573 744 1657 perspicuum
768 1572 807 1637 fit
828 1595 866 1637 ax
890 1574 986 1641 Triat.
1012 1574 1057 1641 II.
1085 1575 1167 1640 365:

391 1693 505 1759 Lesbia
528 1693 605 1778 quid
629 1695 738 1758 doouit
760 1693 890 1779 Sappho
914 1695 976 1760 nisi
999 1717 1105 1760 amare
1128 1697 1276 1781 puellas?

254 1813 296 1880 A.
310 1816 351 1879 A.
365 1814 427 1880 III.
442 1816 523 1880 331:
549 1814 636 1880 Nota
659 1815 701 1880 aia
723 1818 756 1878 at
780 1815 929 1900 Sappho,
944 1855 984 1864 -
998 1817 1074 1901 quid
1095 1818 1180 1881 enIm
1199 1817 1349 1883 laaoiuius
1366 1818 1446 1883 illa?

255 1936 343 2002 Rem.
372 1938 455 2003 761:
549 1936 602 2002 Me
626 1940 709 2002 oerte
732 1936 861 2022 Sappho
884 1938 1047 2003 moliorem
1071 1939 1148 2004 feeit
1171 1941 1300 2006 amicae.

303 2185 359 2252 Va.
384 2184 527 2251 59-71.
563 2184 677 2269 Longa
708 2183 786 2250 haee
817 2185 1038 2250 calamitatum
1068 2185 1179 2263 series,
1212 2207 1308 2269 quam
1341 2189 1452 2250 narrat

256 2307 397 2394 poetria,
421 2310 454 2371 et
477 2308 547 2371 aliia
571 2306 701 2372 Heroid.
727 2306 870 2390 epistulis
894 2307 1020 2391 siquid
1043 2307 1344 2392 aliudoatpropria,
1358 2329 1450 2392 prae·

257 2428 366 2493 sertim
390 2429 417 2492 I.
443 2429 593 2506 87-96;
620 2429 695 2494 VII.
725 2429 922 2529 111-137.

301 2550 358 2617 Vr.
384 2551 438 2616 59.
473 2551 526 2616 Au
551 2571 669 2615 oaams
695 2570 864 2616 ruoaprvu
890 2571 1030 2615 auarum
1055 2572 1201 2617 rourum
1222 2571 1384 2616 uauoaau.
1407 2550 1448 2616 of.

257 2672 352 2740 Trirt.
373 2672 414 2738 V.
435 2674 486 2738 10.
504 2674 543 2737 11
558 2695 625 2757 rq.:

504 2793 558 2858 An
581 2795 741 2878 peragunt
770 2794 882 2858 solitos
905 2795 1089 2892 commupia
1113 2797 1259 2878 tempora
1281 2797 1404 2871 motus,

552 2915 697 2999 Suntque
722 2915 824 3000 magia
848 2914 934 2978 uttae
958 2917 1102 3000 tempora
1125 2916 1205 2979 dura
1228 2918 1340 2980 meae?

258 3039 420 3107 Her.VII.
434 3040 472 3103 11
485 3060 544 3123 aq:
557 3037 660 3102 Durat
679 3038 715 3103 iu
734 3041 923 3115 extremum,
942 3037 1089 3122 uitaeque
1109 3037 1282 3102 nouissima
1304 3039 1431 3101 nostrae

604 3159 807 3244 Persequitur
828 3159 905 3237 fati,
930 3159 985 3243 qui
1007 3159 1071 3222 fuit
1093 3163 1184 3236 ante,
1213 3162 1315 3226 tenor.

259 3283 310 3350 Sio
328 3286 464 3372 fortuna
489 3295 582 3349 tenua
606 3303 645 3347 ex
668 3281 763 3346 Pont.
789 3280 846 3345 IV.
874 3282 905 3345 6.
933 3280 962 3344 7.
986 3280 1027 3344 of.
1051 3279 1128 3345 Har.
1153 3281 1215 3345 ΙΙΙ.
1239 3281 1298 3344 43:

566 3403 620 3467 An
645 3402 775 3467 miseros
799 3401 900 3466 tristia
923 3401 1055 3465 fortuna
1078 3401 1233 3466 tanaoiter
1255 3405 1396 3488 urguet?

259 3526 336 3592 Her.
361 3525 450 3593 XVI.
481 3527 542 3591 14:
565 3523 713 3610 Dumque
737 3525 830 3588 tenor
855 3523 940 3587 uitae
963 3522 1006 3586 sit
1029 3523 1100 3587 sine
1123 3522 1196 3587 labo
1219 3545 1317 3588 meae.

255 3649 391 3735 fortuna
413 3650 521 3732 prauis
544 3649 582 3710 ut
604 3669 642 3711 ex
665 3645 760 3710 Pont.
784 3643 841 3709 IV.
867 3644 897 3707 4.
924 3643 954 3707 5.

306 3891 363 3958 Vs.
389 3892 442 3957 60.
466 3890 514 3956 IIr
539 3911 647 3955 uauar
672 3911 705 3954 ru
730 3909 832 3953 ovasv
857 3907 986 3953 SEMPER
1006 3907 1129 3954 acuam
1151 3909 1219 3954 svo.
1240 3888 1454 3956 Sio:fortuna

260 4019 308 4081 eat
331 4014 365 4079 in
390 4034 483 4078 ourau
506 4012 582 4077 Met.
608 4011 647 4078 X.
673 4012 756 4088 4003
779 4010 819 4075 of.
844 4032 883 4075 ex
906 4010 1001 4078 Pout.
1025 4010 1083 4077 IV.
1111 4012 1162 4078 11.
1185 4012 1244 4076 18:
1265 4010 1351 4076 Dum
1364 4012 1455 4077 dolor

261 4137 296 4201 in
328 4158 420 4201 eursu
452 4139 518 4211 est:
551 4133 626 4198 Met.
660 4132 750 4197 XIII.
782 4131 866 4198 508:
898 4132 936 4196 In
967 4154 1122 4216 cursuque
1153 4155 1241 4198 meus
1274 4133 1365 4198 dolor
1396 4138 1453 4199 eat.

263 4260 369 4325 acerbo
387 4259 522 4345 fortuna
546 4260 582 4320 ut
604 4277 643 4320 ex
665 4255 761 4320 Pont.
785 4254 846 4320 ΠΙ.
872 4256 903 4322 9.
930 4256 989 4320 30:
1014 4255 1162 4321 fortunae
1185 4256 1304 4340 speeies
1328 4256 1452 4323 acerba.

309 4502 365 4569 Va.
391 4503 445 4568 61.
476 4502 646 4568 Parentum
678 4522 744 4566 eoae
774 4503 897 4585 patrem
927 4498 1109 4585 Sapphonis
1137 4521 1205 4564 non
1229 4503 1362 4565 matram
1387 4499 1455 4566 col·

262 4622 380 4689 lectum
422 4627 470 4689 est
514 4645 553 4688 ex
593 4621 692 4709 ipsius
733 4622 875 4709 poetriae
910 4619 1090 4706 fragmento
1126 4620 1183 4688 XO
1218 4621 1362 4709 (Bergk),
1400 4623 1456 4687 ubi
