3274 5292
841 370 905 433 132
950 422 953 428 ,

366 553 512 618 Phoebus
536 553 576 616 ah
598 553 737 630 excelso,
763 555 919 636 quantum
945 554 1053 637 patet,
1079 553 1193 638 aspicit
1218 573 1354 636 aequor:

412 674 569 740 Actaeum
591 674 703 759 populi
725 673 981 757 Leucadiumque
1008 677 1136 739 uocant.

322 796 478 862 Leucadio
517 799 622 860 autem
655 795 799 879 Apollini
829 800 921 859 erant
945 796 1079 880 obligati
1102 796 1151 860 illi
1174 799 1303 861 tantum
1326 796 1381 882 qui
1405 797 1471 861 eius

276 918 430 983 beneficio
472 917 573 982 illaesi
617 939 655 981 ex
689 916 774 982 saltu
810 920 995 995 euaserant,
1033 940 1134 1003 neque
1171 919 1257 983 aliud
1299 919 1470 1004 quiequam

278 1041 340 1105 nisi
373 1061 560 1124 prosperum
590 1039 689 1103 saltus
719 1041 868 1103 euentum
902 1042 1027 1123 poterat
1050 1044 1171 1124 precari
1186 1040 1322 1125 Sappho
1345 1038 1382 1126 1).
1407 1040 1469 1104 Mi-

278 1161 363 1226 nime
393 1161 479 1225 enim
509 1164 557 1224 est
587 1160 793 1245 cogitandum
823 1183 892 1224 eam
916 1162 956 1225 ab
980 1161 1042 1226 hoc
1065 1162 1123 1226 deo
1147 1161 1274 1246 petiisse
1299 1165 1336 1227 ut
1359 1161 1471 1227 Phaon

278 1306 316 1348 ex
347 1281 454 1347 Sicilia
473 1283 589 1346 rediret
612 1285 645 1346 et
667 1282 767 1346 amori
790 1282 889 1365 ipsius
912 1283 1135 1368 responderet:
1161 1282 1222 1348 hoc
1245 1287 1372 1368 poterat
1398 1283 1468 1347 effi-

278 1427 347 1470 cere
378 1426 444 1469 non
474 1403 609 1489 Apollo,
641 1405 695 1469 sed
726 1403 845 1470 Venus.
892 1402 984 1479 Quod
1014 1405 1084 1490 ipsa
1116 1405 1240 1491 poetria
1271 1405 1394 1470 indicat
1424 1427 1469 1469 us.

280 1527 321 1592 57
347 1549 412 1612 sq.:

347 1648 396 1712 Tu
418 1669 562 1738 quoque,
586 1669 666 1733 quae
690 1651 814 1711 montes
838 1647 994 1725 celebras,
1019 1646 1177 1732 Erycina,
1202 1647 1350 1725 Sicanos,
1377 1685 1418 1696 —

392 1769 476 1835 Nam
500 1773 556 1834 tua
579 1792 648 1834 sum
675 1806 715 1817 -
741 1769 808 1832 uati
831 1768 978 1854 consule,
1005 1769 1096 1846 diua,
1121 1771 1202 1834 tuae.

326 1890 443 1977 Apollo
479 1911 554 1955 uero
590 1891 625 1954 in
656 1893 758 1954 totam
781 1890 863 1954 hauc
888 1911 1031 1954 amorum
1057 1889 1199 1955 fabulam
1223 1891 1384 1955 introduci
1409 1913 1473 1955 non

279 2015 385 2097 potest
416 2012 478 2076 nisi
509 2034 545 2076 ea
574 2011 644 2096 lege
676 2014 713 2075 ut
743 2011 861 2076 mederi
892 2011 994 2075 amori
1025 2012 1154 2076 illorum
1186 2015 1316 2096 putetur
1346 2013 1403 2097 qui
1435 2013 1473 2076 de

279 2134 416 2199 Leucate
446 2133 482 2197 iu
513 2155 599 2197 mare
622 2155 654 2196 se
680 2133 928 2217 praecipitarint.
965 2133 1093 2218 Sappho
1119 2134 1219 2218 igitur
1245 2137 1321 2199 tunc
1344 2137 1469 2198 demum

280 2255 381 2339 lyram
417 2278 506 2320 suam
538 2255 644 2340 potuit
676 2255 750 2320 dare
773 2254 920 2332 Phoebo,
948 2276 1020 2318 cum
1044 2255 1144 2319 saltus
1168 2256 1308 2340 periculo
1333 2255 1467 2322 feliciter

280 2381 361 2441 esset
383 2376 559 2460 perfuncta.
597 2376 710 2441 Phaon
735 2379 841 2440 autem
864 2397 1049 2459 responsum
1075 2374 1241 2461 Sapphoni
1265 2375 1406 2441 faustum
1431 2415 1470 2424 —

279 2501 320 2561 et‘
335 2497 475 2562 faustum
499 2497 642 2582 profecto
669 2500 753 2574 erat,
779 2519 870 2560 nam:

461 2618 525 2684 Det
548 2622 657 2683 uotam
681 2619 811 2693 Phoebo
834 2617 944 2684 Lesbis
968 2633 1076 2684 amata
1101 2620 1203 2704 lyram
1230 2658 1270 2669 -

279 2741 367 2824 prius
399 2740 524 2804 mittere
556 2763 621 2806 non
652 2740 774 2825 potuit,
800 2761 895 2824 quam
919 2740 1048 2825 Sappho
1071 2741 1134 2804 iam
1158 2741 1193 2805 in
1217 2763 1305 2805 mare
1329 2762 1362 2805 se
1386 2741 1471 2806 deie-

280 2865 373 2925 cerat.
411 2859 539 2924 Etenim
570 2882 643 2925 cum
675 2863 760 2944 apud
793 2881 901 2925 omnes
933 2861 1100 2944 scriptores
1133 2861 1282 2944 antiquos
1308 2863 1408 2926 saltus
1433 2861 1470 2924 de

279 2982 416 3046 Leucate
440 2982 660 3067 promunturio
684 3003 807 3065 semper
825 2981 925 3045 fuerit
948 2982 1094 3067 Sapphus
1118 2987 1150 3046 et
1169 2983 1308 3047 Phaonis
1327 3005 1472 3048 amorum

280 3107 377 3189 caput
411 3107 444 3168 et
474 3107 670 3167 momentum
702 3103 922 3187 praecipuum,
956 3104 1088 3168 minime
1119 3108 1168 3169 est
1195 3105 1386 3169 credendum
1422 3104 1474 3168 uel

281 3225 430 3290 Ouidium
466 3224 515 3289 uel
546 3223 700 3290 Sabinum
732 3247 751 3287 a
780 3225 941 3288 communi
972 3224 1058 3289 fama
1082 3228 1114 3288 et
1138 3226 1316 3310 antiquitus
1341 3228 1473 3311 accepta

280 3349 431 3433 opinione
454 3351 521 3411 tam
545 3346 656 3431 procul
679 3346 859 3424 recessisse,
884 3351 921 3411 ut
942 3347 1105 3411 Phaonem
1126 3348 1287 3432 fingerent
1307 3347 1475 3433 Sapphoni

258 3470 440 3556 ‚scripsisse
471 3491 504 3534 se
534 3469 620 3533 illius
650 3469 751 3532 amori
782 3472 988 3552 respondere,
1020 3490 1090 3533 eum
1114 3469 1214 3553 igitur
1238 3490 1389 3554 responso
1415 3492 1473 3534 suo

280 3589 505 3677 perfecissent
529 3589 658 3675 Sappho
682 3590 765 3654 saltu
787 3589 931 3653 faciendo
956 3589 1128 3654 absisteret.
1166 3589 1270 3654 Nemo
1293 3590 1378 3654 enim
1403 3612 1472 3654 non

280 3715 369 3779 uidet
398 3714 433 3778 in
464 3713 617 3779 eiusmodi
644 3712 805 3795 epistulis,
830 3733 910 3794 quae
934 3714 1101 3774 uersentur
1124 3709 1158 3773 in
1184 3715 1374 3795 argumento
1398 3733 1473 3775 uere

281 3835 472 3918 dramatic0,
503 3834 607 3918 ipsum
640 3833 685 3897 rei
712 3832 871 3897 cardinem
904 3853 970 3896 esse
1002 3833 1056 3904 rhu
1085 3836 1327 3911 καταστροφήν,
1351 3832 1472 3896 exitum

279 3959 427 4034 fatalem,
460 3955 516 4040 qui
543 3954 666 4019 homini
688 3953 853 4017 immineat
877 3956 908 4016 et
931 3953 986 4036 qui
1009 3953 1180 4017 lectoribus
1205 3957 1301 4018 notus
1325 3975 1391 4018 esse
1417 3954 1473 4017 dc-

280 4081 363 4145 beat.
400 4076 487 4153 Quae
517 4075 576 4139 fati
607 4075 774 4140 necessitas
806 4075 832 4138 si
864 4074 972 4151 abest,
1006 4073 1142 4158 epistula
1175 4079 1309 4138 naturae
1342 4097 1416 4138 suae
1440 4076 1474 4139 et

285 4240 479 4252 —-..—

313 4332 342 4396 1)
368 4333 422 4397 Qua
447 4333 475 4380 de
501 4347 570 4381 eausa
593 4348 640 4380 non
658 4331 804 4380 admittenda
823 4330 920 4379 uidetur
937 4329 1072 4379 coniectura
1089 4330 1190 4379 Dilthcii
1208 4330 1249 4394 (dc
1268 4331 1408 4380 Callimachi
1427 4332 1474 4394 Cy·

279 4415 365 4480 dippa,
383 4432 405 4480 p.
423 4415 478 4463 118.
496 4431 519 4464 n.
539 4415 562 4474 1)
580 4416 643 4478 quod
661 4413 755 4478 Sappho
772 4413 798 4460 in
815 4428 882 4461 mare
900 4428 923 4460 se
941 4413 1071 4461 demissum
1086 4413 1165 4476 lyram
1178 4429 1245 4462 suam
1260 4413 1367 4478 Apollini
1383 4429 1474 4463 uouere

279 4511 304 4546 se
322 4496 383 4545 uelle
399 4496 474 4555 dicat,
493 4500 598 4562 spectare
615 4497 645 4544 ad
662 4496 739 4558 lyram
756 4494 860 4558 aliquam
878 4499 906 4542 ut
924 4495 1033 4560 Sapphus
1050 4494 1075 4543 in
1090 4495 1238 4558 Mytilenaeo
1253 4495 1373 4560 Apollinis
1381 4496 1472 4560 templo

278 4579 427 4630 adserentem
444 4577 623 4641 uisentibusque
640 4581 804 4626 monstratam.
825 4578 860 4626 Os.
881 4576 1044 4641 Comparetti,
1062 4577 1096 4626 l.l.
1115 4593 1168 4643 pag.
1189 4578 1226 4626 15.
1246 4595 1268 4626 n.
1288 4579 1309 4627 3.
