<?xml version="1.0" encoding="UTF-8"?>
<!DOCTYPE html PUBLIC "-//W3C//DTD XHTML 1.0 Transitional//EN"
    "http://www.w3.org/TR/xhtml1/DTD/xhtml1-transitional.dtd">
<html xmlns="http://www.w3.org/1999/xhtml" xml:lang="en" lang="en">
 <head>
  <title>
</title>
<meta http-equiv="Content-Type" content="text/html;charset=utf-8" />
  <meta name='ocr-system' content='tesseract 3.04.00' />
  <meta name='ocr-capabilities' content='ocr_page ocr_carea ocr_par ocr_line ocrx_word'/>
</head>
<body>
  <div class='ocr_page' id='page_1' title='image "./epistulasapphus00ovidgoog_0083.png"; bbox 0 0 3324 5284; ppageno 0'>
   <div class='ocr_carea' id='block_1_1' title="bbox 856 463 902 526">
    <p class='ocr_par' dir='ltr' id='par_1_1' title="bbox 856 463 902 526">
     <span class='ocr_line' id='line_1_1' title="bbox 856 463 902 526; baseline 0.022 -1"><span class='ocrx_word' id='word_1_1' title='bbox 856 463 902 526; x_wconf 83' lang='lat' dir='ltr'><strong>uu</strong></span> 
     </span>
    </p>
   </div>
   <div class='ocr_carea' id='block_1_2' title="bbox 271 640 1478 3284">
    <p class='ocr_par' dir='ltr' id='par_1_2' title="bbox 275 640 1478 840">
     <span class='ocr_line' id='line_1_2' title="bbox 275 640 1478 723; baseline 0.012 -14"><span class='ocrx_word' id='word_1_2' title='bbox 275 715 278 719; x_wconf 54' lang='grc'>,</span> <span class='ocrx_word' id='word_1_3' title='bbox 329 641 385 709; x_wconf 87' lang='lat' dir='ltr'><strong>Vs.</strong></span> <span class='ocrx_word' id='word_1_4' title='bbox 411 643 463 709; x_wconf 78' lang='lat'><strong>70.</strong></span> <span class='ocrx_word' id='word_1_5' title='bbox 486 640 683 706; x_wconf 76' lang='lat' dir='ltr'><strong>hcovuvusr</strong></span> <span class='ocrx_word' id='word_1_6' title='bbox 704 661 805 706; x_wconf 75' lang='lat' dir='ltr'><strong>ovsss</strong></span> <span class='ocrx_word' id='word_1_7' title='bbox 828 662 916 706; x_wconf 76' lang='lat' dir='ltr'><strong>murs</strong></span> <span class='ocrx_word' id='word_1_8' title='bbox 938 663 1043 708; x_wconf 71' lang='lat' dir='ltr'><strong>eleva</strong></span> <span class='ocrx_word' id='word_1_9' title='bbox 1065 650 1478 723; x_wconf 68' lang='lat' dir='ltr'><strong>Msss.0f.uasu11.122:</strong></span> 
     </span>
     <span class='ocr_line' id='line_1_3' title="bbox 508 760 1239 840; baseline 0.018 -14"><span class='ocrx_word' id='word_1_10' title='bbox 508 760 668 828; x_wconf 82' lang='lat' dir='ltr'><strong>Maximus</strong></span> <span class='ocrx_word' id='word_1_11' title='bbox 691 763 743 828; x_wconf 93' lang='lat' dir='ltr'><strong>hic</strong></span> <span class='ocrx_word' id='word_1_12' title='bbox 768 765 859 829; x_wconf 86' lang='lat' dir='ltr'><strong>fastis</strong></span> <span class='ocrx_word' id='word_1_13' title='bbox 883 766 1102 833; x_wconf 85' lang='lat' dir='ltr'><strong>accumulatur</strong></span> <span class='ocrx_word' id='word_1_14' title='bbox 1125 771 1239 840; x_wconf 90' lang='lat' dir='ltr'><strong>honor.</strong></span> 
     </span>
    </p>

    <p class='ocr_par' dir='ltr' id='par_1_3' title="bbox 281 884 1328 982">
     <span class='ocr_line' id='line_1_4' title="bbox 281 884 1328 982; baseline 0.011 -28"><span class='ocrx_word' id='word_1_15' title='bbox 281 889 358 954; x_wconf 88' lang='lat' dir='ltr'><strong>Her.</strong></span> <span class='ocrx_word' id='word_1_16' title='bbox 383 887 427 951; x_wconf 86' lang='lat' dir='ltr'><strong>II.</strong></span> <span class='ocrx_word' id='word_1_17' title='bbox 454 884 513 950; x_wconf 81' lang='lat'><strong>57:</strong></span> <span class='ocrx_word' id='word_1_18' title='bbox 538 884 686 978; x_wconf 80' lang='lat' dir='ltr'><strong>TurpItcr</strong></span> <span class='ocrx_word' id='word_1_19' title='bbox 709 886 884 971; x_wconf 89' lang='lat' dir='ltr'><strong>hospitium</strong></span> <span class='ocrx_word' id='word_1_20' title='bbox 908 886 991 951; x_wconf 90' lang='lat' dir='ltr'><strong>lecto</strong></span> <span class='ocrx_word' id='word_1_21' title='bbox 1014 891 1192 958; x_wconf 77' lang='lat' dir='ltr'><strong>cumulasse</strong></span> <span class='ocrx_word' id='word_1_22' title='bbox 1215 897 1328 982; x_wconf 86' lang='lat' dir='ltr'><strong>iugali.</strong></span> 
     </span>
    </p>

    <p class='ocr_par' dir='ltr' id='par_1_4' title="bbox 281 1005 1221 1091">
     <span class='ocr_line' id='line_1_5' title="bbox 281 1005 1221 1091; baseline 0 -17"><span class='ocrx_word' id='word_1_23' title='bbox 281 1010 356 1074; x_wconf 86' lang='lat' dir='ltr'><strong>Met.</strong></span> <span class='ocrx_word' id='word_1_24' title='bbox 383 1005 470 1072; x_wconf 85' lang='lat' dir='ltr'>XIV.</span> <span class='ocrx_word' id='word_1_25' title='bbox 499 1006 582 1071; x_wconf 83' lang='lat'><strong>742:</strong></span> <span class='ocrx_word' id='word_1_26' title='bbox 609 1044 647 1054; x_wconf 94' lang='lat'><em>-</em></span> <span class='ocrx_word' id='word_1_27' title='bbox 674 1007 899 1091; x_wconf 73' lang='lat' dir='ltr'><strong>cumulumque.</strong></span> <span class='ocrx_word' id='word_1_28' title='bbox 923 1005 1088 1091; x_wconf 85' lang='lat' dir='ltr'><strong>Oupharea</strong></span> <span class='ocrx_word' id='word_1_29' title='bbox 1113 1011 1221 1074; x_wconf 74' lang='lat' dir='ltr'><strong>cladis.</strong></span> 
     </span>
    </p>

    <p class='ocr_par' dir='ltr' id='par_1_5' title="bbox 278 1125 1472 1334">
     <span class='ocr_line' id='line_1_6' title="bbox 324 1125 1472 1210; baseline 0.003 -18"><span class='ocrx_word' id='word_1_30' title='bbox 324 1128 438 1193; x_wconf 86' lang='lat' dir='ltr'><strong>Filiam</strong></span> <span class='ocrx_word' id='word_1_31' title='bbox 470 1165 512 1176; x_wconf 95' lang='lat'>-</span> <span class='ocrx_word' id='word_1_32' title='bbox 543 1126 683 1193; x_wconf 83' lang='lat' dir='ltr'><strong>Cleidcm</strong></span> <span class='ocrx_word' id='word_1_33' title='bbox 716 1128 766 1191; x_wconf 92' lang='lat' dir='ltr'><strong>uel</strong></span> <span class='ocrx_word' id='word_1_34' title='bbox 796 1125 938 1192; x_wconf 80' lang='lat' dir='ltr'><strong>(llaidem</strong></span> <span class='ocrx_word' id='word_1_35' title='bbox 968 1166 1009 1178; x_wconf 91' lang='lat'><em>-</em></span> <span class='ocrx_word' id='word_1_36' title='bbox 1033 1129 1180 1193; x_wconf 81' lang='lat' dir='ltr'><strong>habuisse</strong></span> <span class='ocrx_word' id='word_1_37' title='bbox 1203 1130 1318 1191; x_wconf 90' lang='lat' dir='ltr'><strong>dicitur</strong></span> <span class='ocrx_word' id='word_1_38' title='bbox 1342 1130 1472 1210; x_wconf 83' lang='lat' dir='ltr'><strong>Sappho</strong></span> 
     </span>
     <span class='ocr_line' id='line_1_7' title="bbox 278 1245 1343 1334; baseline -0.004 -21"><span class='ocrx_word' id='word_1_39' title='bbox 278 1250 313 1314; x_wconf 90' lang='lat' dir='ltr'><strong>in</strong></span> <span class='ocrx_word' id='word_1_40' title='bbox 337 1248 452 1316; x_wconf 83' lang='lat' dir='ltr'><strong>Suidae</strong></span> <span class='ocrx_word' id='word_1_41' title='bbox 473 1249 576 1314; x_wconf 81' lang='lat' dir='ltr'>lexico</span> <span class='ocrx_word' id='word_1_42' title='bbox 599 1272 629 1313; x_wconf 92' lang='lat' dir='ltr'><strong>u.</strong></span> <span class='ocrx_word' id='word_1_43' title='bbox 656 1251 801 1330; x_wconf 55' lang='lat' dir='ltr'><strong>zoarum</strong></span> <span class='ocrx_word' id='word_1_44' title='bbox 821 1247 866 1312; x_wconf 90' lang='lat' dir='ltr'><strong>cf.</strong></span> <span class='ocrx_word' id='word_1_45' title='bbox 891 1248 986 1314; x_wconf 92' lang='lat' dir='ltr'><strong>huius</strong></span> <span class='ocrx_word' id='word_1_46' title='bbox 1010 1249 1162 1334; x_wconf 74' lang='lat' dir='ltr'><strong>epistulae</strong></span> <span class='ocrx_word' id='word_1_47' title='bbox 1187 1267 1231 1310; x_wconf 91' lang='lat' dir='ltr'><strong>us.</strong></span> <span class='ocrx_word' id='word_1_48' title='bbox 1261 1245 1343 1309; x_wconf 81' lang='lat'>120:</span> 
     </span>
    </p>

    <p class='ocr_par' dir='ltr' id='par_1_6' title="bbox 470 1364 1261 1454">
     <span class='ocr_line' id='line_1_8' title="bbox 470 1364 1261 1454; baseline -0.003 -21"><span class='ocrx_word' id='word_1_49' title='bbox 470 1370 576 1447; x_wconf 80' lang='lat' dir='ltr'><strong>»Quid</strong></span> <span class='ocrx_word' id='word_1_50' title='bbox 599 1371 686 1436; x_wconf 87' lang='lat' dir='ltr'><strong>dolet</strong></span> <span class='ocrx_word' id='word_1_51' title='bbox 707 1371 810 1436; x_wconf 77' lang='lat' dir='ltr'><strong>haec?</strong></span> <span class='ocrx_word' id='word_1_52' title='bbox 833 1372 917 1436; x_wconf 87' lang='lat' dir='ltr'><strong>certe</strong></span> <span class='ocrx_word' id='word_1_53' title='bbox 941 1370 1008 1435; x_wconf 86' lang='lat' dir='ltr'><strong>lilia</strong></span> <span class='ocrx_word' id='word_1_54' title='bbox 1032 1369 1144 1447; x_wconf 87' lang='lat' dir='ltr'><strong>uiuit&#39;’,</strong></span> <span class='ocrx_word' id='word_1_55' title='bbox 1164 1367 1219 1432; x_wconf 89' lang='lat' dir='ltr'><strong>ait.</strong></span> <span class='ocrx_word' id='word_1_56' title='bbox 1234 1364 1261 1454; x_wconf 85' lang='lat'><strong>¹)</strong></span> 
     </span>
    </p>

    <p class='ocr_par' dir='ltr' id='par_1_7' title="bbox 323 1489 1387 1943">
     <span class='ocr_line' id='line_1_9' title="bbox 323 1489 1387 1581; baseline -0.007 -20"><span class='ocrx_word' id='word_1_57' title='bbox 323 1493 398 1581; x_wconf 90' lang='lat' dir='ltr'><strong>Ipsa</strong></span> <span class='ocrx_word' id='word_1_58' title='bbox 420 1493 550 1580; x_wconf 86' lang='lat' dir='ltr'><strong>Sappho</strong></span> <span class='ocrx_word' id='word_1_59' title='bbox 574 1493 694 1578; x_wconf 87' lang='lat' dir='ltr'><strong>alloqui</strong></span> <span class='ocrx_word' id='word_1_60' title='bbox 717 1493 817 1558; x_wconf 89' lang='lat' dir='ltr'><strong>filiam</strong></span> <span class='ocrx_word' id='word_1_61' title='bbox 840 1493 967 1557; x_wconf 87' lang='lat' dir='ltr'><strong>uidetur</strong></span> <span class='ocrx_word' id='word_1_62' title='bbox 988 1491 1026 1556; x_wconf 89' lang='lat' dir='ltr'><strong>fr.</strong></span> <span class='ocrx_word' id='word_1_63' title='bbox 1052 1490 1209 1556; x_wconf 85' lang='lat' dir='ltr'>LXXXV</span> <span class='ocrx_word' id='word_1_64' title='bbox 1234 1489 1387 1577; x_wconf 85' lang='lat' dir='ltr'><strong>(Bergh):</strong></span> 
     </span>
     <span class='ocr_line' id='line_1_10' title="bbox 459 1611 1253 1694; baseline -0.005 -12"><span class='ocrx_word' id='word_1_65' title='bbox 459 1616 553 1682; x_wconf 72' lang='grc' dir='ltr'><strong>Ἔστι</strong></span> <span class='ocrx_word' id='word_1_66' title='bbox 574 1641 624 1694; x_wconf 78' lang='grc' dir='ltr'><strong>μοι</strong></span> <span class='ocrx_word' id='word_1_67' title='bbox 652 1617 738 1681; x_wconf 72' lang='grc' dir='ltr'><strong><em>κάλοι</em></strong></span> <span class='ocrx_word' id='word_1_68' title='bbox 761 1616 856 1692; x_wconf 70' lang='grc' dir='ltr'><em>πάϊς,</em></span> <span class='ocrx_word' id='word_1_69' title='bbox 882 1615 1051 1694; x_wconf 75' lang='grc' dir='ltr'><strong><em>χρυσίαισιν</em></strong></span> <span class='ocrx_word' id='word_1_70' title='bbox 1075 1611 1253 1692; x_wconf 59' lang='lat' dir='ltr'><strong>civitacula</strong></span> 
     </span>
     <span class='ocr_line' id='line_1_11' title="bbox 460 1735 1229 1818; baseline 0.003 -18"><span class='ocrx_word' id='word_1_71' title='bbox 460 1738 595 1818; x_wconf 75' lang='grc' dir='ltr'><strong>ἐμφέρην</strong></span> <span class='ocrx_word' id='word_1_72' title='bbox 621 1735 731 1818; x_wconf 73' lang='grc' dir='ltr'><strong><em>ἔχοισα</em></strong></span> <span class='ocrx_word' id='word_1_73' title='bbox 755 1736 897 1816; x_wconf 70' lang='grc' dir='ltr'><strong>μόρφκν,</strong></span> <span class='ocrx_word' id='word_1_74' title='bbox 924 1740 1023 1807; x_wconf 74' lang='grc' dir='ltr'><em>Κλῖιῖς</em></span> <span class='ocrx_word' id='word_1_75' title='bbox 1048 1736 1229 1814; x_wconf 65' lang='grc' dir='ltr'><strong>ἀγαπάτω,</strong></span> 
     </span>
     <span class='ocr_line' id='line_1_12' title="bbox 457 1856 1335 1943; baseline -0.003 -21"><span class='ocrx_word' id='word_1_76' title='bbox 457 1861 525 1923; x_wconf 72' lang='grc' dir='ltr'><strong>ἀντὶ</strong></span> <span class='ocrx_word' id='word_1_77' title='bbox 548 1865 607 1930; x_wconf 73' lang='grc' dir='ltr'><strong>τᾶς</strong></span> <span class='ocrx_word' id='word_1_78' title='bbox 633 1858 694 1936; x_wconf 74' lang='grc' dir='ltr'><strong>ἔγω</strong></span> <span class='ocrx_word' id='word_1_79' title='bbox 719 1859 783 1923; x_wconf 72' lang='grc' dir='ltr'><strong>οὐδὲ</strong></span> <span class='ocrx_word' id='word_1_80' title='bbox 807 1857 924 1924; x_wconf 69' lang='grc' dir='ltr'><em>Λυδίαν</em></span> <span class='ocrx_word' id='word_1_81' title='bbox 947 1863 1053 1922; x_wconf 70' lang='grc' dir='ltr'><strong><em>πᾶσαν</em></strong></span> <span class='ocrx_word' id='word_1_82' title='bbox 1073 1857 1135 1924; x_wconf 78' lang='grc' dir='ltr'>οὐδ’</span> <span class='ocrx_word' id='word_1_83' title='bbox 1159 1857 1294 1939; x_wconf 70' lang='grc' dir='ltr'><strong>ἕράνναν.</strong></span> <span class='ocrx_word' id='word_1_84' title='bbox 1309 1856 1335 1943; x_wconf 74' lang='lat'><strong>²)</strong></span> 
     </span>
    </p>

    <p class='ocr_par' dir='ltr' id='par_1_8' title="bbox 272 1979 1469 2796">
     <span class='ocr_line' id='line_1_13' title="bbox 321 1979 1468 2065; baseline -0.003 -19"><span class='ocrx_word' id='word_1_85' title='bbox 321 1981 409 2046; x_wconf 85' lang='lat' dir='ltr'><strong>Haec</strong></span> <span class='ocrx_word' id='word_1_86' title='bbox 432 1981 543 2046; x_wconf 85' lang='lat' dir='ltr'><strong>saltem</strong></span> <span class='ocrx_word' id='word_1_87' title='bbox 567 1981 675 2065; x_wconf 88' lang='lat' dir='ltr'><strong>opinio</strong></span> <span class='ocrx_word' id='word_1_88' title='bbox 699 1985 746 2045; x_wconf 87' lang='lat' dir='ltr'><strong>est</strong></span> <span class='ocrx_word' id='word_1_89' title='bbox 770 1979 867 2063; x_wconf 85' lang='lat' dir='ltr'><strong>uulgo</strong></span> <span class='ocrx_word' id='word_1_90' title='bbox 892 1984 1039 2064; x_wconf 82' lang='lat' dir='ltr'><strong>accepta:</strong></span> <span class='ocrx_word' id='word_1_91' title='bbox 1066 1980 1157 2044; x_wconf 84' lang='lat' dir='ltr'><strong>aliter</strong></span> <span class='ocrx_word' id='word_1_92' title='bbox 1181 1999 1267 2044; x_wconf 88' lang='lat' dir='ltr'><strong>nune</strong></span> <span class='ocrx_word' id='word_1_93' title='bbox 1289 1979 1410 2044; x_wconf 87' lang='lat' dir='ltr'><strong>iudicat</strong></span> <span class='ocrx_word' id='word_1_94' title='bbox 1427 1979 1468 2044; x_wconf 89' lang='lat' dir='ltr'><strong>K.</strong></span> 
     </span>
     <span class='ocr_line' id='line_1_14' title="bbox 275 2099 1469 2189; baseline -0.004 -20"><span class='ocrx_word' id='word_1_95' title='bbox 275 2102 351 2170; x_wconf 83' lang='lat' dir='ltr'><strong>Sittl</strong></span> <span class='ocrx_word' id='word_1_96' title='bbox 366 2103 391 2189; x_wconf 83' lang='lat'><strong>³)</strong></span> <span class='ocrx_word' id='word_1_97' title='bbox 415 2124 549 2167; x_wconf 88' lang='lat' dir='ltr'><strong>mouens</strong></span> <span class='ocrx_word' id='word_1_98' title='bbox 573 2103 733 2166; x_wconf 87' lang='lat' dir='ltr'><strong>nemiuem</strong></span> <span class='ocrx_word' id='word_1_99' title='bbox 757 2101 813 2184; x_wconf 93' lang='lat' dir='ltr'><strong>qui</strong></span> <span class='ocrx_word' id='word_1_100' title='bbox 835 2099 1013 2187; x_wconf 81' lang='lat' dir='ltr'><strong>Sapphicae</strong></span> <span class='ocrx_word' id='word_1_101' title='bbox 1036 2101 1190 2167; x_wconf 89' lang='lat' dir='ltr'><strong>orationis</strong></span> <span class='ocrx_word' id='word_1_102' title='bbox 1222 2100 1379 2166; x_wconf 86' lang='lat' dir='ltr'><strong>luxuriem</strong></span> <span class='ocrx_word' id='word_1_103' title='bbox 1409 2122 1469 2164; x_wconf 92' lang='lat' dir='ltr'><strong>uc-</strong></span> 
     </span>
     <span class='ocr_line' id='line_1_15' title="bbox 275 2221 1468 2308; baseline -0.002 -20"><span class='ocrx_word' id='word_1_104' title='bbox 275 2224 374 2301; x_wconf 88' lang='lat' dir='ltr'><strong>uerit‚</strong></span> <span class='ocrx_word' id='word_1_105' title='bbox 403 2223 622 2288; x_wconf 80' lang='lat' dir='ltr'><strong>dubitaturum</strong></span> <span class='ocrx_word' id='word_1_106' title='bbox 643 2244 709 2286; x_wconf 88' lang='lat' dir='ltr'><strong>esse</strong></span> <span class='ocrx_word' id='word_1_107' title='bbox 729 2222 808 2305; x_wconf 89' lang='lat' dir='ltr'><strong>quin</strong></span> <span class='ocrx_word' id='word_1_108' title='bbox 832 2227 864 2287; x_wconf 87' lang='lat' dir='ltr'><strong>et</strong></span> <span class='ocrx_word' id='word_1_109' title='bbox 888 2221 971 2287; x_wconf 82' lang='lat' dir='ltr'><strong>Oleis</strong></span> <span class='ocrx_word' id='word_1_110' title='bbox 994 2223 1029 2287; x_wconf 92' lang='lat' dir='ltr'><strong>iu</strong></span> <span class='ocrx_word' id='word_1_111' title='bbox 1049 2224 1276 2308; x_wconf 90' lang='lat' dir='ltr'><strong>discipularum</strong></span> <span class='ocrx_word' id='word_1_112' title='bbox 1300 2245 1468 2288; x_wconf 88' lang='lat' dir='ltr'><strong>numerum</strong></span> 
     </span>
     <span class='ocr_line' id='line_1_16' title="bbox 273 2344 1467 2431; baseline 0.002 -21"><span class='ocrx_word' id='word_1_113' title='bbox 273 2345 316 2410; x_wconf 90' lang='lat' dir='ltr'><strong>sit</strong></span> <span class='ocrx_word' id='word_1_114' title='bbox 339 2344 523 2424; x_wconf 85' lang='lat' dir='ltr'><strong>referenda,</strong></span> <span class='ocrx_word' id='word_1_115' title='bbox 548 2345 614 2409; x_wconf 90' lang='lat' dir='ltr'><strong>filia</strong></span> <span class='ocrx_word' id='word_1_116' title='bbox 637 2345 736 2430; x_wconf 81' lang='lat' dir='ltr'><strong>Igitur</strong></span> <span class='ocrx_word' id='word_1_117' title='bbox 758 2344 815 2408; x_wconf 90' lang='lat' dir='ltr'><strong>illa</strong></span> <span class='ocrx_word' id='word_1_118' title='bbox 837 2345 963 2410; x_wconf 88' lang='lat' dir='ltr'><strong>fabulae</strong></span> <span class='ocrx_word' id='word_1_119' title='bbox 986 2347 1029 2410; x_wconf 92' lang='lat' dir='ltr'><strong>sit</strong></span> <span class='ocrx_word' id='word_1_120' title='bbox 1052 2347 1182 2431; x_wconf 90' lang='lat' dir='ltr'><strong>propior</strong></span> <span class='ocrx_word' id='word_1_121' title='bbox 1198 2368 1294 2430; x_wconf 90' lang='lat' dir='ltr'><strong>quam</strong></span> <span class='ocrx_word' id='word_1_122' title='bbox 1307 2345 1467 2423; x_wconf 87' lang='lat' dir='ltr'><strong>historiae.</strong></span> 
     </span>
     <span class='ocr_line' id='line_1_17' title="bbox 275 2463 1466 2553; baseline 0 -21"><span class='ocrx_word' id='word_1_123' title='bbox 275 2467 344 2544; x_wconf 82' lang='lat' dir='ltr'><strong>Qua</strong></span> <span class='ocrx_word' id='word_1_124' title='bbox 363 2469 524 2532; x_wconf 86' lang='lat' dir='ltr'><strong>tamenin</strong></span> <span class='ocrx_word' id='word_1_125' title='bbox 544 2463 674 2532; x_wconf 86' lang='lat' dir='ltr'><strong>renum</strong></span> <span class='ocrx_word' id='word_1_126' title='bbox 694 2471 777 2531; x_wconf 90' lang='lat' dir='ltr'><strong>recte</strong></span> <span class='ocrx_word' id='word_1_127' title='bbox 798 2467 914 2531; x_wconf 91' lang='lat' dir='ltr'><strong>uiderit</strong></span> <span class='ocrx_word' id='word_1_128' title='bbox 933 2467 1008 2533; x_wconf 81' lang='lat' dir='ltr'><strong>Sittl</strong></span> <span class='ocrx_word' id='word_1_129' title='bbox 1033 2467 1237 2533; x_wconf 87' lang='lat' dir='ltr'><strong>uehementer</strong></span> <span class='ocrx_word' id='word_1_130' title='bbox 1250 2468 1380 2553; x_wconf 85' lang='lat' dir='ltr'><strong>dubito,</strong></span> <span class='ocrx_word' id='word_1_131' title='bbox 1395 2488 1466 2532; x_wconf 87' lang='lat' dir='ltr'><strong>cum</strong></span> 
     </span>
     <span class='ocr_line' id='line_1_18' title="bbox 274 2588 1467 2677; baseline -0.003 -22"><span class='ocrx_word' id='word_1_132' title='bbox 274 2590 459 2675; x_wconf 86' lang='lat' dir='ltr'><strong>praesertim</strong></span> <span class='ocrx_word' id='word_1_133' title='bbox 478 2592 510 2654; x_wconf 90' lang='lat' dir='ltr'><strong>et</strong></span> <span class='ocrx_word' id='word_1_134' title='bbox 528 2588 686 2653; x_wconf 84' lang='lat' dir='ltr'><strong>Maximus</strong></span> <span class='ocrx_word' id='word_1_135' title='bbox 703 2589 777 2673; x_wconf 84' lang='lat' dir='ltr'><strong>Tyr.</strong></span> <span class='ocrx_word' id='word_1_136' title='bbox 799 2589 925 2656; x_wconf 87' lang='lat' dir='ltr'>XXIV.</span> <span class='ocrx_word' id='word_1_137' title='bbox 948 2613 981 2674; x_wconf 92' lang='lat' dir='ltr'><strong>p.</strong></span> <span class='ocrx_word' id='word_1_138' title='bbox 998 2590 1063 2654; x_wconf 87' lang='grc'><strong>476</strong></span> <span class='ocrx_word' id='word_1_139' title='bbox 1076 2591 1218 2677; x_wconf 83' lang='lat' dir='ltr'><strong>(Reislrc)</strong></span> <span class='ocrx_word' id='word_1_140' title='bbox 1231 2590 1347 2655; x_wconf 83' lang='lat' dir='ltr'><strong>diserte</strong></span> <span class='ocrx_word' id='word_1_141' title='bbox 1360 2592 1467 2654; x_wconf 88' lang='lat' dir='ltr'><strong>tradat</strong></span> 
     </span>
     <span class='ocr_line' id='line_1_19' title="bbox 272 2708 1462 2796; baseline 0 -19"><span class='ocrx_word' id='word_1_142' title='bbox 272 2734 383 2777; x_wconf 86' lang='lat' dir='ltr'><strong>uersus</strong></span> <span class='ocrx_word' id='word_1_143' title='bbox 400 2710 572 2775; x_wconf 88' lang='lat' dir='ltr'><strong>nonnullos</strong></span> <span class='ocrx_word' id='word_1_144' title='bbox 596 2710 648 2796; x_wconf 84' lang='lat' dir='ltr'><strong>(fr.</strong></span> <span class='ocrx_word' id='word_1_145' title='bbox 662 2708 849 2796; x_wconf 77' lang='lat' dir='ltr'>CXXXVI)</span> <span class='ocrx_word' id='word_1_146' title='bbox 862 2733 880 2774; x_wconf 90' lang='lat' dir='ltr'><strong>a</strong></span> <span class='ocrx_word' id='word_1_147' title='bbox 892 2710 1063 2796; x_wconf 82' lang='lat' dir='ltr'><strong>Sapphone</strong></span> <span class='ocrx_word' id='word_1_148' title='bbox 1076 2715 1116 2776; x_wconf 90' lang='lat' dir='ltr'><strong>ad</strong></span> <span class='ocrx_word' id='word_1_149' title='bbox 1129 2711 1228 2776; x_wconf 85' lang='lat' dir='ltr'><strong>filium</strong></span> <span class='ocrx_word' id='word_1_150' title='bbox 1240 2733 1306 2776; x_wconf 87' lang='lat' dir='ltr'><strong>esse</strong></span> <span class='ocrx_word' id='word_1_151' title='bbox 1319 2711 1462 2796; x_wconf 80' lang='lat' dir='ltr'><strong>scriptas.</strong></span> 
     </span>
    </p>

    <p class='ocr_par' dir='ltr' id='par_1_9' title="bbox 271 2830 1467 3284">
     <span class='ocr_line' id='line_1_20' title="bbox 324 2830 1467 2917; baseline -0.002 -19"><span class='ocrx_word' id='word_1_152' title='bbox 324 2831 401 2898; x_wconf 78' lang='lat' dir='ltr'><strong>Chia</strong></span> <span class='ocrx_word' id='word_1_153' title='bbox 432 2854 550 2896; x_wconf 90' lang='lat' dir='ltr'><strong>nomen</strong></span> <span class='ocrx_word' id='word_1_154' title='bbox 581 2833 677 2896; x_wconf 87' lang='lat' dir='ltr'><strong>matri</strong></span> <span class='ocrx_word' id='word_1_155' title='bbox 707 2853 832 2915; x_wconf 89' lang='lat' dir='ltr'><strong>quoque</strong></span> <span class='ocrx_word' id='word_1_156' title='bbox 862 2830 1008 2917; x_wconf 82' lang='lat' dir='ltr'><strong>Sapphus</strong></span> <span class='ocrx_word' id='word_1_157' title='bbox 1038 2832 1135 2898; x_wconf 84' lang='lat' dir='ltr'><strong>fuisse</strong></span> <span class='ocrx_word' id='word_1_158' title='bbox 1165 2833 1303 2897; x_wconf 89' lang='lat' dir='ltr'><strong>traditur</strong></span> <span class='ocrx_word' id='word_1_159' title='bbox 1328 2856 1347 2896; x_wconf 90' lang='lat' dir='ltr'><strong>a</strong></span> <span class='ocrx_word' id='word_1_160' title='bbox 1369 2831 1467 2899; x_wconf 83' lang='lat' dir='ltr'><strong>Suida</strong></span> 
     </span>
     <span class='ocr_line' id='line_1_21' title="bbox 271 2951 1466 3042; baseline -0.001 -23"><span class='ocrx_word' id='word_1_161' title='bbox 271 2955 317 3020; x_wconf 95' lang='lat' dir='ltr'><strong>l.l.</strong></span> <span class='ocrx_word' id='word_1_162' title='bbox 349 2958 382 3019; x_wconf 91' lang='lat' dir='ltr'><strong>et</strong></span> <span class='ocrx_word' id='word_1_163' title='bbox 411 2955 446 3018; x_wconf 92' lang='lat' dir='ltr'><strong>in</strong></span> <span class='ocrx_word' id='word_1_164' title='bbox 479 2952 591 3039; x_wconf 81' lang='lat' dir='ltr'><strong>Epigr.</strong></span> <span class='ocrx_word' id='word_1_165' title='bbox 623 2951 728 3020; x_wconf 86' lang='lat' dir='ltr'><strong>Schol.</strong></span> <span class='ocrx_word' id='word_1_166' title='bbox 762 2953 890 3017; x_wconf 88' lang='lat' dir='ltr'><strong>Pindar.</strong></span> <span class='ocrx_word' id='word_1_167' title='bbox 924 2953 985 3040; x_wconf 87' lang='lat' dir='ltr'><strong>(ed.</strong></span> <span class='ocrx_word' id='word_1_168' title='bbox 1017 2953 1153 3020; x_wconf 89' lang='lat' dir='ltr'><strong>Bceckh.</strong></span> <span class='ocrx_word' id='word_1_169' title='bbox 1189 2979 1220 3040; x_wconf 89' lang='lat' dir='ltr'><strong>p.</strong></span> <span class='ocrx_word' id='word_1_170' title='bbox 1251 2957 1296 3042; x_wconf 88' lang='lat'><strong>8).</strong></span> <span class='ocrx_word' id='word_1_171' title='bbox 1329 2955 1375 3020; x_wconf 86' lang='lat' dir='ltr'><strong>At</strong></span> <span class='ocrx_word' id='word_1_172' title='bbox 1399 2954 1466 3019; x_wconf 89' lang='lat' dir='ltr'><strong>ucri</strong></span> 
     </span>
     <span class='ocr_line' id='line_1_22' title="bbox 272 3074 1466 3163; baseline 0 -23"><span class='ocrx_word' id='word_1_173' title='bbox 272 3078 320 3140; x_wconf 88' lang='lat' dir='ltr'><strong>est</strong></span> <span class='ocrx_word' id='word_1_174' title='bbox 342 3074 538 3141; x_wconf 90' lang='lat' dir='ltr'><strong>simillimum</strong></span> <span class='ocrx_word' id='word_1_175' title='bbox 563 3096 681 3152; x_wconf 86' lang='lat' dir='ltr'><strong>nomen</strong></span> <span class='ocrx_word' id='word_1_176' title='bbox 703 3074 783 3138; x_wconf 91' lang='lat' dir='ltr'><strong>illud</strong></span> <span class='ocrx_word' id='word_1_177' title='bbox 803 3097 869 3139; x_wconf 87' lang='lat' dir='ltr'><strong>non</strong></span> <span class='ocrx_word' id='word_1_178' title='bbox 889 3074 953 3139; x_wconf 89' lang='lat' dir='ltr'><strong>iam</strong></span> <span class='ocrx_word' id='word_1_179' title='bbox 973 3077 1150 3161; x_wconf 90' lang='lat' dir='ltr'><strong>antiquitus</strong></span> <span class='ocrx_word' id='word_1_180' title='bbox 1169 3076 1266 3142; x_wconf 86' lang='lat' dir='ltr'><strong>fuisse</strong></span> <span class='ocrx_word' id='word_1_181' title='bbox 1287 3076 1466 3163; x_wconf 86' lang='lat' dir='ltr'><strong>cognitum,</strong></span> 
     </span>
     <span class='ocr_line' id='line_1_23' title="bbox 272 3195 1467 3284; baseline -0.001 -20"><span class='ocrx_word' id='word_1_182' title='bbox 272 3199 328 3264; x_wconf 85' lang='lat' dir='ltr'><strong>sed</strong></span> <span class='ocrx_word' id='word_1_183' title='bbox 351 3195 500 3284; x_wconf 82' lang='lat' dir='ltr'><strong>Sapphus</strong></span> <span class='ocrx_word' id='word_1_184' title='bbox 526 3197 607 3261; x_wconf 88' lang='lat' dir='ltr'><strong>filiae</strong></span> <span class='ocrx_word' id='word_1_185' title='bbox 630 3217 748 3261; x_wconf 89' lang='lat' dir='ltr'><strong>nomeu</strong></span> <span class='ocrx_word' id='word_1_186' title='bbox 767 3200 808 3261; x_wconf 86' lang='lat' dir='ltr'><strong>ad</strong></span> <span class='ocrx_word' id='word_1_187' title='bbox 828 3197 966 3262; x_wconf 82' lang='lat' dir='ltr'><strong>eiusdem</strong></span> <span class='ocrx_word' id='word_1_188' title='bbox 986 3202 1119 3264; x_wconf 86' lang='lat' dir='ltr'><strong>matrem</strong></span> <span class='ocrx_word' id='word_1_189' title='bbox 1140 3221 1206 3264; x_wconf 87' lang='lat' dir='ltr'><strong>esse</strong></span> <span class='ocrx_word' id='word_1_190' title='bbox 1225 3200 1426 3278; x_wconf 88' lang='lat' dir='ltr'><strong>translatum.</strong></span> <span class='ocrx_word' id='word_1_191' title='bbox 1441 3204 1467 3280; x_wconf 83' lang='lat'><strong>⁴)</strong></span> 
     </span>
    </p>
   </div>
   <div class='ocr_carea' id='block_1_3' title="bbox 211 3377 1466 3568">
    <p class='ocr_par' dir='ltr' id='par_1_10' title="bbox 211 3377 1466 3568">
     <span class='ocr_line' id='line_1_24' title="bbox 315 3377 1466 3461; baseline 0.003 -17"><span class='ocrx_word' id='word_1_192' title='bbox 315 3378 372 3444; x_wconf 93' lang='lat' dir='ltr'><strong>Vs.</strong></span> <span class='ocrx_word' id='word_1_193' title='bbox 399 3380 451 3445; x_wconf 88' lang='grc'><strong>71.</strong></span> <span class='ocrx_word' id='word_1_194' title='bbox 476 3377 608 3442; x_wconf 70' lang='lat' dir='ltr'><strong>Verius</strong></span> <span class='ocrx_word' id='word_1_195' title='bbox 633 3401 673 3444; x_wconf 83' lang='lat' dir='ltr'><strong>uv</strong></span> <span class='ocrx_word' id='word_1_196' title='bbox 701 3400 836 3444; x_wconf 81' lang='lat' dir='ltr'><strong>ucsrsrs</strong></span> <span class='ocrx_word' id='word_1_197' title='bbox 860 3401 997 3446; x_wconf 78' lang='lat' dir='ltr'><strong>scosms</strong></span> <span class='ocrx_word' id='word_1_198' title='bbox 1018 3401 1118 3461; x_wconf 72' lang='lat' dir='ltr'><strong>causa</strong></span> <span class='ocrx_word' id='word_1_199' title='bbox 1138 3401 1308 3453; x_wconf 81' lang='lat' dir='ltr'><strong>ovussms.</strong></span> <span class='ocrx_word' id='word_1_200' title='bbox 1330 3381 1370 3449; x_wconf 85' lang='lat' dir='ltr'><strong>cf.</strong></span> <span class='ocrx_word' id='word_1_201' title='bbox 1387 3381 1466 3458; x_wconf 90' lang='lat' dir='ltr'><strong>Her.</strong></span> 
     </span>
     <span class='ocr_line' id='line_1_25' title="bbox 211 3499 457 3568; baseline -0.008 1"><span class='ocrx_word' id='word_1_202' title='bbox 211 3543 214 3548; x_wconf 92' lang='lat'><em>·</em></span> <span class='ocrx_word' id='word_1_203' title='bbox 269 3499 346 3568; x_wconf 87' lang='lat' dir='ltr'><strong>VII.</strong></span> <span class='ocrx_word' id='word_1_204' title='bbox 373 3501 457 3568; x_wconf 81' lang='lat'>135:</span> 
     </span>
    </p>
   </div>
   <div class='ocr_carea' id='block_1_4' title="bbox 495 3621 1219 3690">
    <p class='ocr_par' dir='ltr' id='par_1_11' title="bbox 495 3621 1219 3690">
     <span class='ocr_line' id='line_1_26' title="bbox 495 3621 1219 3690; baseline 0.003 -4"><span class='ocrx_word' id='word_1_205' title='bbox 495 3621 630 3688; x_wconf 77' lang='lat' dir='ltr'><strong>Accedit</strong></span> <span class='ocrx_word' id='word_1_206' title='bbox 652 3623 729 3688; x_wconf 86' lang='lat' dir='ltr'><strong>fatis</strong></span> <span class='ocrx_word' id='word_1_207' title='bbox 752 3624 864 3689; x_wconf 89' lang='lat' dir='ltr'><strong>matris</strong></span> <span class='ocrx_word' id='word_1_208' title='bbox 889 3624 1076 3689; x_wconf 89' lang='lat' dir='ltr'><strong>miserabilis</strong></span> <span class='ocrx_word' id='word_1_209' title='bbox 1100 3625 1219 3690; x_wconf 88' lang='lat' dir='ltr'><strong>infans.</strong></span> 
     </span>
    </p>
   </div>
   <div class='ocr_carea' id='block_1_5' title="bbox 269 3744 1465 3830">
    <p class='ocr_par' dir='ltr' id='par_1_12' title="bbox 269 3744 1465 3848">
     <span class='ocr_line' id='line_1_27' title="bbox 269 3744 1465 3830; baseline 0.003 -22"><span class='ocrx_word' id='word_1_210' title='bbox 269 3744 344 3812; x_wconf 84' lang='lat' dir='ltr'><strong>Her.</strong></span> <span class='ocrx_word' id='word_1_211' title='bbox 370 3745 397 3809; x_wconf 89' lang='lat' dir='ltr'><strong>I.</strong></span> <span class='ocrx_word' id='word_1_212' title='bbox 423 3744 465 3809; x_wconf 89' lang='lat'><strong>95</strong></span> <span class='ocrx_word' id='word_1_213' title='bbox 490 3767 555 3829; x_wconf 88' lang='lat' dir='ltr'><strong>sq:</strong></span> <span class='ocrx_word' id='word_1_214' title='bbox 581 3745 650 3811; x_wconf 89' lang='lat' dir='ltr'><strong>Irus</strong></span> <span class='ocrx_word' id='word_1_215' title='bbox 674 3767 770 3830; x_wconf 84' lang='lat' dir='ltr'><strong>egens</strong></span> <span class='ocrx_word' id='word_1_216' title='bbox 794 3747 977 3830; x_wconf 82' lang='lat' dir='ltr'><strong>pecorisque</strong></span> <span class='ocrx_word' id='word_1_217' title='bbox 1002 3746 1197 3811; x_wconf 85' lang='lat' dir='ltr'><strong>Melanthius</strong></span> <span class='ocrx_word' id='word_1_218' title='bbox 1221 3749 1310 3812; x_wconf 84' lang='lat' dir='ltr'><strong>actor</strong></span> <span class='ocrx_word' id='word_1_219' title='bbox 1333 3746 1465 3824; x_wconf 85' lang='lat' dir='ltr'><strong>edendi,</strong></span> 
     </span>
    </p>
   </div>
   <div class='ocr_carea' id='block_1_6' title="bbox 631 3866 1370 3953">
    <p class='ocr_par' dir='ltr' id='par_1_13' title="bbox 631 3866 1370 3953">
     <span class='ocr_line' id='line_1_28' title="bbox 631 3866 1370 3953; baseline 0.004 -21"><span class='ocrx_word' id='word_1_220' title='bbox 631 3866 773 3933; x_wconf 86' lang='lat' dir='ltr'><strong>Ultimus</strong></span> <span class='ocrx_word' id='word_1_221' title='bbox 797 3870 953 3932; x_wconf 84' lang='lat' dir='ltr'><strong>accedunt</strong></span> <span class='ocrx_word' id='word_1_222' title='bbox 977 3869 1012 3932; x_wconf 90' lang='lat' dir='ltr'><strong>in</strong></span> <span class='ocrx_word' id='word_1_223' title='bbox 1036 3872 1093 3932; x_wconf 85' lang='lat' dir='ltr'><strong>tua</strong></span> <span class='ocrx_word' id='word_1_224' title='bbox 1117 3869 1235 3933; x_wconf 85' lang='lat' dir='ltr'><strong>damna</strong></span> <span class='ocrx_word' id='word_1_225' title='bbox 1258 3870 1370 3953; x_wconf 87' lang='lat' dir='ltr'><strong>pudor.</strong></span> 
     </span>
    </p>
   </div>
   <div class='ocr_carea' id='block_1_7' title="bbox 264 4002 1467 4731">
    <p class='ocr_par' dir='ltr' id='par_1_14' title="bbox 266 4002 1457 4151">
     <span class='ocr_line' id='line_1_29' title="bbox 301 4002 1457 4069; baseline 0 -17"><span class='ocrx_word' id='word_1_226' title='bbox 301 4002 328 4066; x_wconf 91' lang='lat' dir='ltr'><strong>l)</strong></span> <span class='ocrx_word' id='word_1_227' title='bbox 348 4004 403 4052; x_wconf 92' lang='lat' dir='ltr'><strong>Nou</strong></span> <span class='ocrx_word' id='word_1_228' title='bbox 420 4004 484 4052; x_wconf 88' lang='lat' dir='ltr'><strong>enim</strong></span> <span class='ocrx_word' id='word_1_229' title='bbox 500 4003 546 4052; x_wconf 87' lang='lat' dir='ltr'><strong>huc</strong></span> <span class='ocrx_word' id='word_1_230' title='bbox 562 4003 633 4060; x_wconf 86' lang='lat' dir='ltr'><strong>facit,</strong></span> <span class='ocrx_word' id='word_1_231' title='bbox 650 4019 721 4066; x_wconf 88' lang='lat' dir='ltr'><strong>quem</strong></span> <span class='ocrx_word' id='word_1_232' title='bbox 737 4003 811 4052; x_wconf 86' lang='lat' dir='ltr'><strong>citare</strong></span> <span class='ocrx_word' id='word_1_233' title='bbox 827 4003 912 4062; x_wconf 85' lang='lat' dir='ltr'><strong>solent,</strong></span> <span class='ocrx_word' id='word_1_234' title='bbox 931 4004 1052 4053; x_wconf 86' lang='lat' dir='ltr'><strong>Maximus</strong></span> <span class='ocrx_word' id='word_1_235' title='bbox 1070 4005 1124 4068; x_wconf 87' lang='lat' dir='ltr'><strong>Tyr.</strong></span> <span class='ocrx_word' id='word_1_236' title='bbox 1142 4004 1236 4053; x_wconf 86' lang='lat' dir='ltr'>XXIV.</span> <span class='ocrx_word' id='word_1_237' title='bbox 1246 4021 1268 4069; x_wconf 92' lang='lat' dir='ltr'><strong>p.</strong></span> <span class='ocrx_word' id='word_1_238' title='bbox 1284 4003 1335 4056; x_wconf 79' lang='lat'><strong>474</strong></span> <span class='ocrx_word' id='word_1_239' title='bbox 1351 4002 1457 4065; x_wconf 76' lang='lat' dir='ltr'><strong>(Reislre)</strong></span> 
     </span>
     <span class='ocr_line' id='line_1_30' title="bbox 266 4084 753 4151; baseline 0.006 -19"><span class='ocrx_word' id='word_1_240' title='bbox 266 4084 296 4134; x_wconf 85' lang='lat' dir='ltr'><strong>cf.</strong></span> <span class='ocrx_word' id='word_1_241' title='bbox 316 4086 397 4150; x_wconf 83' lang='lat' dir='ltr'><strong>Bergk</strong></span> <span class='ocrx_word' id='word_1_242' title='bbox 415 4086 445 4134; x_wconf 86' lang='lat' dir='ltr'><strong>ad</strong></span> <span class='ocrx_word' id='word_1_243' title='bbox 461 4086 553 4151; x_wconf 86' lang='lat' dir='ltr'><strong>Sapph.</strong></span> <span class='ocrx_word' id='word_1_244' title='bbox 572 4085 602 4134; x_wconf 81' lang='lat' dir='ltr'><strong>fr.</strong></span> <span class='ocrx_word' id='word_1_245' title='bbox 620 4086 753 4135; x_wconf 86' lang='lat' dir='ltr'>LXXXVI.</span> 
     </span>
    </p>

    <p class='ocr_par' dir='ltr' id='par_1_15' title="bbox 264 4166 1467 4562">
     <span class='ocr_line' id='line_1_31' title="bbox 301 4166 1467 4234; baseline 0.003 -19"><span class='ocrx_word' id='word_1_246' title='bbox 301 4168 328 4230; x_wconf 78' lang='lat'><strong>2)</strong></span> <span class='ocrx_word' id='word_1_247' title='bbox 348 4169 499 4232; x_wconf 78' lang='lat' dir='ltr'><strong>Quamquam</strong></span> <span class='ocrx_word' id='word_1_248' title='bbox 521 4170 587 4233; x_wconf 82' lang='lat' dir='ltr'><strong>patet</strong></span> <span class='ocrx_word' id='word_1_249' title='bbox 608 4183 637 4216; x_wconf 88' lang='lat' dir='ltr'><strong>cx</strong></span> <span class='ocrx_word' id='word_1_250' title='bbox 653 4167 691 4216; x_wconf 85' lang='lat' dir='ltr'><strong>his</strong></span> <span class='ocrx_word' id='word_1_251' title='bbox 708 4166 815 4217; x_wconf 86' lang='lat' dir='ltr'><strong>uersibus</strong></span> <span class='ocrx_word' id='word_1_252' title='bbox 832 4168 939 4218; x_wconf 85' lang='lat' dir='ltr'><strong>Cleidem</strong></span> <span class='ocrx_word' id='word_1_253' title='bbox 956 4169 1025 4218; x_wconf 85' lang='lat' dir='ltr'><strong>illam</strong></span> <span class='ocrx_word' id='word_1_254' title='bbox 1042 4184 1055 4216; x_wconf 86' lang='lat' dir='ltr'><strong>a</strong></span> <span class='ocrx_word' id='word_1_255' title='bbox 1073 4169 1198 4234; x_wconf 85' lang='lat' dir='ltr'><strong>Sapphoue</strong></span> <span class='ocrx_word' id='word_1_256' title='bbox 1215 4170 1344 4233; x_wconf 79' lang='lat' dir='ltr'><strong>flagranter</strong></span> <span class='ocrx_word' id='word_1_257' title='bbox 1362 4173 1467 4219; x_wconf 86' lang='lat' dir='ltr'><strong>amatam</strong></span> 
     </span>
     <span class='ocr_line' id='line_1_32' title="bbox 266 4250 1467 4318; baseline 0.002 -20"><span class='ocrx_word' id='word_1_258' title='bbox 266 4253 291 4299; x_wconf 85' lang='lat' dir='ltr'><strong>et</strong></span> <span class='ocrx_word' id='word_1_259' title='bbox 307 4251 416 4316; x_wconf 84' lang='lat' dir='ltr'><strong>pulcrum</strong></span> <span class='ocrx_word' id='word_1_260' title='bbox 432 4251 454 4300; x_wconf 89' lang='lat' dir='ltr'><strong>ei</strong></span> <span class='ocrx_word' id='word_1_261' title='bbox 472 4250 548 4299; x_wconf 86' lang='lat' dir='ltr'><strong>uisam</strong></span> <span class='ocrx_word' id='word_1_262' title='bbox 565 4250 649 4309; x_wconf 82' lang='lat' dir='ltr'><strong>fuisse,</strong></span> <span class='ocrx_word' id='word_1_263' title='bbox 667 4250 766 4299; x_wconf 87' lang='lat' dir='ltr'><strong>minime</strong></span> <span class='ocrx_word' id='word_1_264' title='bbox 780 4259 859 4300; x_wconf 79' lang='lat' dir='ltr'><strong>tumen</strong></span> <span class='ocrx_word' id='word_1_265' title='bbox 878 4252 947 4300; x_wconf 88' lang='lat' dir='ltr'><strong>uideo</strong></span> <span class='ocrx_word' id='word_1_266' title='bbox 965 4253 1082 4316; x_wconf 90' lang='lat' dir='ltr'><strong>quomodo</strong></span> <span class='ocrx_word' id='word_1_267' title='bbox 1099 4268 1181 4301; x_wconf 84' lang='lat' dir='ltr'><strong>ausam</strong></span> <span class='ocrx_word' id='word_1_268' title='bbox 1206 4252 1318 4316; x_wconf 84' lang='lat' dir='ltr'><strong>praebere</strong></span> <span class='ocrx_word' id='word_1_269' title='bbox 1343 4252 1467 4318; x_wconf 83' lang='lat' dir='ltr'><strong>potuerint</strong></span> 
     </span>
     <span class='ocr_line' id='line_1_33' title="bbox 264 4332 1466 4398; baseline 0.002 -18"><span class='ocrx_word' id='word_1_270' title='bbox 264 4332 307 4381; x_wconf 87' lang='lat' dir='ltr'><strong>ills</strong></span> <span class='ocrx_word' id='word_1_271' title='bbox 331 4334 465 4391; x_wconf 87' lang='lat' dir='ltr'><strong>Puestioui,</strong></span> <span class='ocrx_word' id='word_1_272' title='bbox 489 4336 516 4381; x_wconf 92' lang='lat' dir='ltr'><strong>ut</strong></span> <span class='ocrx_word' id='word_1_273' title='bbox 538 4332 651 4381; x_wconf 88' lang='lat' dir='ltr'><strong>scriberet</strong></span> <span class='ocrx_word' id='word_1_274' title='bbox 673 4333 778 4393; x_wconf 64' lang='lat' dir='ltr'><strong>(caeca</strong></span> <span class='ocrx_word' id='word_1_275' title='bbox 801 4334 976 4383; x_wconf 80' lang='lat' dir='ltr'><strong>Dichterianca</strong></span> <span class='ocrx_word' id='word_1_276' title='bbox 998 4351 1021 4398; x_wconf 90' lang='lat' dir='ltr'><strong>p.</strong></span> <span class='ocrx_word' id='word_1_277' title='bbox 1048 4335 1104 4398; x_wconf 84' lang='lat'>38):</span> <span class='ocrx_word' id='word_1_278' title='bbox 1132 4334 1201 4382; x_wconf 67' lang='lat' dir='ltr'><strong>‚wir</strong></span> <span class='ocrx_word' id='word_1_279' title='bbox 1224 4335 1309 4383; x_wconf 84' lang='lat' dir='ltr'><strong>diirfen</strong></span> <span class='ocrx_word' id='word_1_280' title='bbox 1326 4350 1368 4383; x_wconf 90' lang='lat' dir='ltr'><strong>aus</strong></span> <span class='ocrx_word' id='word_1_281' title='bbox 1385 4335 1466 4383; x_wconf 85' lang='lat' dir='ltr'><strong>diesen</strong></span> 
     </span>
     <span class='ocr_line' id='line_1_34' title="bbox 266 4414 1466 4482; baseline 0.003 -21"><span class='ocrx_word' id='word_1_282' title='bbox 266 4414 356 4464; x_wconf 85' lang='lat' dir='ltr'><strong>Versuu</strong></span> <span class='ocrx_word' id='word_1_283' title='bbox 378 4415 520 4476; x_wconf 84' lang='lat' dir='ltr'><strong>schliesaen,</strong></span> <span class='ocrx_word' id='word_1_284' title='bbox 542 4416 595 4464; x_wconf 87' lang='lat' dir='ltr'><strong>dass</strong></span> <span class='ocrx_word' id='word_1_285' title='bbox 618 4414 685 4463; x_wconf 87' lang='lat' dir='ltr'><strong>Kle&#39;is</strong></span> <span class='ocrx_word' id='word_1_286' title='bbox 703 4416 748 4464; x_wconf 89' lang='lat' dir='ltr'><strong>mit</strong></span> <span class='ocrx_word' id='word_1_287' title='bbox 764 4416 810 4464; x_wconf 90' lang='lat' dir='ltr'><strong>den</strong></span> <span class='ocrx_word' id='word_1_288' title='bbox 826 4416 1008 4479; x_wconf 78' lang='lat' dir='ltr'><strong>gl‘anzcudsten,</strong></span> <span class='ocrx_word' id='word_1_289' title='bbox 1025 4416 1147 4465; x_wconf 87' lang='lat' dir='ltr'><strong>vielleicht</strong></span> <span class='ocrx_word' id='word_1_290' title='bbox 1164 4421 1234 4482; x_wconf 80' lang='lat' dir='ltr'><strong>sogor</strong></span> <span class='ocrx_word' id='word_1_291' title='bbox 1251 4418 1310 4467; x_wconf 84' lang='lat' dir='ltr'><strong>auch</strong></span> <span class='ocrx_word' id='word_1_292' title='bbox 1329 4417 1466 4482; x_wconf 84' lang='lat' dir='ltr'><strong>poetischeu</strong></span> 
     </span>
     <span class='ocr_line' id='line_1_35' title="bbox 265 4494 1229 4562; baseline 0.003 -16"><span class='ocrx_word' id='word_1_293' title='bbox 265 4496 380 4548; x_wconf 75' lang='lat' dir='ltr'><strong>Talentm</strong></span> <span class='ocrx_word' id='word_1_294' title='bbox 398 4499 446 4547; x_wconf 87' lang='lat' dir='ltr'><strong>und</strong></span> <span class='ocrx_word' id='word_1_295' title='bbox 463 4494 508 4547; x_wconf 86' lang='lat' dir='ltr'><strong>deri</strong></span> <span class='ocrx_word' id='word_1_296' title='bbox 525 4496 606 4547; x_wconf 80' lang='lat' dir='ltr'><strong>beaten</strong></span> <span class='ocrx_word' id='word_1_297' title='bbox 624 4497 806 4560; x_wconf 79' lang='lat' dir='ltr'><strong>lligeuschaften</strong></span> <span class='ocrx_word' id='word_1_298' title='bbox 823 4496 908 4562; x_wconf 82' lang='lat' dir='ltr'><strong>begsbt</strong></span> <span class='ocrx_word' id='word_1_299' title='bbox 925 4514 1029 4562; x_wconf 86' lang='lat' dir='ltr'><strong>geweseu</strong></span> <span class='ocrx_word' id='word_1_300' title='bbox 1047 4498 1097 4548; x_wconf 83' lang='lat' dir='ltr'><strong>sein</strong></span> <span class='ocrx_word' id='word_1_301' title='bbox 1114 4498 1229 4549; x_wconf 84' lang='lat' dir='ltr'><strong>mussie.”</strong></span> 
     </span>
    </p>

    <p class='ocr_par' dir='ltr' id='par_1_16' title="bbox 300 4581 1083 4648">
     <span class='ocr_line' id='line_1_36' title="bbox 300 4581 1083 4648; baseline 0.003 -19"><span class='ocrx_word' id='word_1_302' title='bbox 300 4581 325 4641; x_wconf 78' lang='lat'><strong>3)</strong></span> <span class='ocrx_word' id='word_1_303' title='bbox 345 4581 427 4632; x_wconf 76' lang='lat' dir='ltr'><strong>Gesck.</strong></span> <span class='ocrx_word' id='word_1_304' title='bbox 444 4582 487 4630; x_wconf 74' lang='lat' dir='ltr'><strong>der</strong></span> <span class='ocrx_word' id='word_1_305' title='bbox 500 4581 594 4646; x_wconf 74' lang='lat' dir='ltr'><strong>prieoh.</strong></span> <span class='ocrx_word' id='word_1_306' title='bbox 612 4581 717 4630; x_wconf 78' lang='lat' dir='ltr'><strong>Litcrat.</strong></span> <span class='ocrx_word' id='word_1_307' title='bbox 734 4582 747 4630; x_wconf 96' lang='lat' dir='ltr'>I</span> <span class='ocrx_word' id='word_1_308' title='bbox 765 4581 873 4646; x_wconf 86' lang='lat' dir='ltr'><strong>(Monac.</strong></span> <span class='ocrx_word' id='word_1_309' title='bbox 892 4583 967 4643; x_wconf 89' lang='grc'>1884)</span> <span class='ocrx_word' id='word_1_310' title='bbox 985 4599 1008 4648; x_wconf 86' lang='lat' dir='ltr'><strong>p.</strong></span> <span class='ocrx_word' id='word_1_311' title='bbox 1028 4582 1083 4632; x_wconf 72' lang='lat'><strong>826.</strong></span> 
     </span>
    </p>

    <p class='ocr_par' dir='ltr' id='par_1_17' title="bbox 299 4662 1250 4731">
     <span class='ocr_line' id='line_1_37' title="bbox 299 4662 1250 4731; baseline 0.007 -21"><span class='ocrx_word' id='word_1_312' title='bbox 299 4664 327 4727; x_wconf 94' lang='grc'><strong>4)</strong></span> <span class='ocrx_word' id='word_1_313' title='bbox 346 4663 382 4712; x_wconf 82' lang='lat' dir='ltr'><strong>cf.</strong></span> <span class='ocrx_word' id='word_1_314' title='bbox 401 4663 469 4712; x_wconf 85' lang='lat' dir='ltr'><strong>Neue</strong></span> <span class='ocrx_word' id='word_1_315' title='bbox 486 4663 512 4713; x_wconf 87' lang='lat' dir='ltr'><strong>iu</strong></span> <span class='ocrx_word' id='word_1_316' title='bbox 529 4664 586 4714; x_wconf 86' lang='lat' dir='ltr'><strong>edit.</strong></span> <span class='ocrx_word' id='word_1_317' title='bbox 604 4663 690 4728; x_wconf 74' lang='lat' dir='ltr'><strong>fragm.</strong></span> <span class='ocrx_word' id='word_1_318' title='bbox 709 4662 796 4729; x_wconf 86' lang='lat' dir='ltr'><strong>Sapph.</strong></span> <span class='ocrx_word' id='word_1_319' title='bbox 815 4680 867 4729; x_wconf 78' lang='lat' dir='ltr'><strong>pag.</strong></span> <span class='ocrx_word' id='word_1_320' title='bbox 887 4666 910 4714; x_wconf 90' lang='lat'><strong>1.</strong></span> <span class='ocrx_word' id='word_1_321' title='bbox 928 4664 1047 4727; x_wconf 82' lang='lat' dir='ltr'><strong>Schoene,</strong></span> <span class='ocrx_word' id='word_1_322' title='bbox 1065 4665 1101 4715; x_wconf 86' lang='lat' dir='ltr'><strong>ll.</strong></span> <span class='ocrx_word' id='word_1_323' title='bbox 1119 4681 1172 4731; x_wconf 81' lang='lat' dir='ltr'><strong>pag.</strong></span> <span class='ocrx_word' id='word_1_324' title='bbox 1192 4665 1250 4717; x_wconf 76' lang='lat'><strong>740.</strong></span> 
     </span>
    </p>
   </div>
   <div class='ocr_carea' id='block_1_8' title="bbox 0 0 1666 5284">
    <p class='ocr_par' dir='ltr' id='par_1_18' title="bbox 0 0 1666 5284">
     <span class='ocr_line' id='line_1_38' title="bbox 0 0 1666 5284; baseline 0 5"><span class='ocrx_word' id='word_1_325' title='bbox 0 0 1666 5284; x_wconf 95' lang='lat' dir='ltr'><strong> </strong></span> 
     </span>
    </p>
   </div>
   <div class='ocr_carea' id='block_1_9' title="bbox 1658 3380 1663 3908">
    <p class='ocr_par' dir='ltr' id='par_1_19' title="bbox 1658 3380 1663 3908">
     <span class='ocr_line' id='line_1_39' title="bbox 1658 3380 1663 3908; baseline 0 0"><span class='ocrx_word' id='word_1_326' title='bbox 1658 3380 1663 3908; x_wconf 95' lang='lat' dir='ltr'><strong> </strong></span> 
     </span>
    </p>
   </div>
  </div>
 </body>
</html>
