3274 5292
734 1301 1039 1391 ADDENDA.

816 1584 981 1596 ...—

338 1785 376 1848 In
411 1788 566 1869 apparatu
597 1787 706 1850 critico
739 1808 801 1869 quo
833 1785 998 1869 Epistulae
1028 1788 1151 1850 textum
1182 1787 1337 1864 instruxi,
1362 1788 1484 1852 deside·

291 1911 381 1971 ratur
413 1907 540 1971 collatio
572 1908 705 1970 duorum
739 1908 882 1972 codicum
906 1908 1004 1973 Paris.
1031 1909 1118 1972 8206
1143 1911 1176 1972 et
1199 1910 1304 1986 8244,
1330 1930 1410 1993 quos
1433 1910 1484 1972 in-

292 2029 412 2112 spicere
438 2029 516 2092 mihi
541 2049 606 2092 non
630 2029 826 2113 contigerat,
854 2031 888 2093 ut
911 2030 978 2092 dixi
998 2029 1031 2093 in
1052 2028 1291 2112 Prolegomeni
1303 2051 1334 2112 p.
1351 2032 1391 2094 14
1406 2053 1437 2095 n.
1454 2031 1484 2094 1.

292 2149 382 2224 Quod
415 2153 583 2234 postquam
615 2172 687 2214 cum
718 2147 929 2215 bibliothecae
945 2141 1089 2215 ‘nostrae
1119 2151 1283 2216 Praefecto
1307 2152 1484 2215 communi-

294 2271 381 2349 caui,
418 2272 468 2336 uir
499 2270 765 2348 humanissimus,
798 2293 862 2355 qua
894 2277 942 2336 est
972 2272 1177 2354 liberalitate,
1209 2273 1324 2338 litteris
1348 2272 1486 2337 Parisios

297 2393 381 2456 datis
414 2393 594 2476 nuperrime
626 2393 811 2477 impetrauit
835 2397 871 2457 ut
892 2397 1024 2476 uterque
1047 2393 1128 2458 liber
1151 2393 1282 2458 Leidam
1306 2394 1486 2458 mitteretur

290 2513 397 2596 ibique
422 2535 441 2576 a
464 2536 514 2578 me
538 2515 641 2579 excuti
665 2517 782 2598 posset.
808 2514 891 2578 Sunt
914 2517 1019 2579 autem
1044 2515 1138 2580 ambo
1163 2515 1286 2579 codices
1306 2515 1398 2600 (saec.
1420 2513 1483 2581 XV

290 2636 353 2720 ex.)
392 2636 488 2719 pretii
523 2636 693 2700 admodum
729 2637 837 2720 parui,
874 2658 971 2720 quare
1006 2637 1109 2702 uarias
1143 2637 1218 2702 inde
1250 2637 1401 2703 lectiones
1430 2637 1483 2702 hic

293 2758 447 2822 adnotare
482 2779 591 2822 omnes
618 2749 823 2842 supersedeo.
859 2759 1000 2822 Tantum
1036 2759 1114 2826 hoc:
1152 2761 1221 2824 cod.
1257 2759 1356 2825 Paris.
1393 2759 1482 2824 8206

290 2881 435 2945 continet
457 2880 542 2944 inter
566 2880 742 2956 Moratum,
768 2881 919 2944 Ludibria
940 2884 980 2944 ad
1001 2881 1169 2965 Priapum,
1189 2881 1365 2946 recentiora
1386 2902 1482 2963 quae·

288 3003 379 3079 dam,
410 3001 465 3068 fol.
498 3002 630 3066 46-51
663 3001 782 3086 Sapph.
815 3025 863 3087 ep.
888 3004 1074 3088 inscriptam
1099 3003 1219 3091 Sophos
1239 3005 1368 3091 planci.
1393 3003 1483 3067 Libri
1607 2994 1611 3000 ’

289 3124 413 3188 indoles
444 3146 526 3208 quae
555 3124 596 3188 sit
629 3128 665 3189 ut
697 3125 805 3210 paucis
836 3129 1020 3204 ostendam,
1044 3128 1175 3190 selectas
1200 3125 1304 3190 citabo
1330 3125 1483 3190 lectiones

294 3245 388 3310 hasce
412 3245 549 3329 (litterae
573 3247 715 3312 cursiuae
739 3247 836 3312 uerba
861 3251 1027 3317 contextus
1051 3248 1153 3312 nostri
1171 3248 1348 3330 indicant):
1365 3248 1405 3311 12
1420 3251 1482 3312 rai-

291 3391 349 3432 aor
372 3367 495 3451 minus,
521 3369 562 3433 18
587 3368 702 3433 Athois
725 3372 819 3446 ante,
840 3370 881 3433 19
902 3393 963 3434 nior
982 3369 1052 3446 hic,
1075 3369 1117 3434 59
1139 3372 1291 3456 inceptum
1303 3368 1481 3446 intentum,

290 3491 332 3554 69
350 3493 418 3578 fiae
441 3490 569 3567 fraude,
595 3491 637 3554 96
662 3493 716 3555 red
740 3491 826 3574 qnod
850 3511 973 3567 amare,
998 3491 1041 3554 99
1070 3493 1142 3554 isses
1167 3511 1266 3566 esses,
1293 3489 1356 3553 125
1381 3492 1482 3575 repic-

289 3612 378 3675 ribus
414 3612 598 3675 nationibus
631 3635 786 3699 suprascr.
819 3635 902 3676 marr.
937 3612 974 3687 2,
1010 3612 1074 3676 132
1104 3612 1235 3696 aipilaat
1262 3611 1389 3694 uigent,
1415 3611 1481 3674 169

287 3733 391 3796 iussus
423 3755 533 3797 amans
568 3733 676 3818 tetigit
710 3733 862 3798 letissima
900 3755 994 3824 pyre,
1032 3733 1097 3797 174
1131 3732 1277 3796 lacrimas
1311 3732 1480 3816 grauidae,

292 3854 355 3918 196
381 3854 548 3932 substulit,
575 3855 638 3918 199
663 3856 798 3940 neptuni
821 3860 986 3940 nuptaque
1011 3856 1124 3938 proles.
1348 3841 1349 3844 ¹

332 3974 408 4040 Ood.
445 3974 544 4039 Paris.
578 3976 667 4040 8244
699 3977 843 4041 continet
874 3980 1000 4062 praeter
1031 3976 1209 4041 recentiora
1241 3977 1397 4060 quaedam
1420 3974 1478 4039 fol.

291 4098 378 4160 1-6
398 4096 516 4182 Sapph.
538 4119 588 4181 ep.
611 4096 679 4161 sine
703 4097 807 4162 titulo.
832 4097 872 4162 In
895 4099 1040 4182 margine
1063 4101 1168 4162 autem
1193 4098 1387 4182 adscriptum
1412 4099 1480 4161 est:

293 4217 422 4284 Ouidius
443 4221 497 4282 sub
528 4218 668 4306 solmiac
692 4219 770 4308 Sap]
779 4222 862 4308 plius
891 4222 1052 4308 epistolam
1073 4211 1186 4285 scribit.
1211 4218 1407 4304 Subscriptio
1430 4224 1483 4283 est

289 4339 380 4404 haec:
418 4341 524 4405 Finito
556 4341 653 4405 Libro
684 4342 857 4428 Reserctur
884 4340 998 4408 Gratia
1025 4354 1158 4420 Xpnrre.
1185 4342 1283 4408 Finis.
1311 4340 1481 4406 Lectiones

287 4461 502 4544 discrepantes
534 4466 610 4526 sunt
638 4463 765 4528 eaedem
791 4464 857 4527 fere
882 4468 976 4552 atque
1000 4486 1053 4528 eae
1077 4485 1155 4552 quar
1180 4464 1211 4526 in
1237 4465 1392 4552 apparatu
1415 4462 1481 4528 cri-

283 4581 346 4647 tico
370 4581 537 4649 citauimus
560 4605 577 4646 e
600 4609 626 4653 z.
