<?xml version="1.0" encoding="UTF-8"?>
<!DOCTYPE html PUBLIC "-//W3C//DTD XHTML 1.0 Transitional//EN"
    "http://www.w3.org/TR/xhtml1/DTD/xhtml1-transitional.dtd">
<html xmlns="http://www.w3.org/1999/xhtml" xml:lang="en" lang="en">
 <head>
  <title>
</title>
<meta http-equiv="Content-Type" content="text/html;charset=utf-8" />
  <meta name='ocr-system' content='tesseract 3.04.00' />
  <meta name='ocr-capabilities' content='ocr_page ocr_carea ocr_par ocr_line ocrx_word'/>
</head>
<body>
  <div class='ocr_page' id='page_1' title='image "./epistulasapphus00ovidgoog_0155.png"; bbox 0 0 3274 5292; ppageno 0'>
   <div class='ocr_carea' id='block_1_1' title="bbox 276 564 1465 897">
    <p class='ocr_par' dir='ltr' id='par_1_1' title="bbox 276 564 1465 897">
     <span class='ocr_line' id='line_1_1' title="bbox 276 564 1465 658; baseline -0.007 -22"><span class='ocrx_word' id='word_1_1' title='bbox 276 571 440 658; x_wconf 78' lang='lat' dir='ltr'>Erinnys).</span> <span class='ocrx_word' id='word_1_2' title='bbox 466 567 546 636; x_wconf 83' lang='lat' dir='ltr'>Cum</span> <span class='ocrx_word' id='word_1_3' title='bbox 571 573 679 633; x_wconf 88' lang='lat' dir='ltr'>tamen</span> <span class='ocrx_word' id='word_1_4' title='bbox 704 568 827 633; x_wconf 91' lang='lat' dir='ltr'>nullum</span> <span class='ocrx_word' id='word_1_5' title='bbox 852 567 939 634; x_wconf 92' lang='lat' dir='ltr'>aliud</span> <span class='ocrx_word' id='word_1_6' title='bbox 961 567 1035 631; x_wconf 85' lang='lat' dir='ltr'>tulis</span> <span class='ocrx_word' id='word_1_7' title='bbox 1059 567 1168 652; x_wconf 64' lang='lat' dir='ltr'>hayus</span> <span class='ocrx_word' id='word_1_8' title='bbox 1191 564 1362 650; x_wconf 84' lang='lat' dir='ltr'>uestigium</span> <span class='ocrx_word' id='word_1_9' title='bbox 1382 565 1465 648; x_wconf 88' lang='lat' dir='ltr'>apud</span> 
     </span>
     <span class='ocr_line' id='line_1_2' title="bbox 276 686 1465 776; baseline -0.007 -19"><span class='ocrx_word' id='word_1_10' title='bbox 276 691 446 776; x_wconf 89' lang='lat' dir='ltr'>scriptores</span> <span class='ocrx_word' id='word_1_11' title='bbox 487 690 636 774; x_wconf 87' lang='lat' dir='ltr'>antiquos</span> <span class='ocrx_word' id='word_1_12' title='bbox 669 690 857 774; x_wconf 83' lang='lat' dir='ltr'>repererim,</span> <span class='ocrx_word' id='word_1_13' title='bbox 892 689 975 753; x_wconf 89' lang='lat' dir='ltr'>hane</span> <span class='ocrx_word' id='word_1_14' title='bbox 1010 687 1138 772; x_wconf 91' lang='lat' dir='ltr'>quidem</span> <span class='ocrx_word' id='word_1_15' title='bbox 1174 707 1239 750; x_wconf 85' lang='lat' dir='ltr'>rem</span> <span class='ocrx_word' id='word_1_16' title='bbox 1274 686 1309 750; x_wconf 93' lang='lat' dir='ltr'>in</span> <span class='ocrx_word' id='word_1_17' title='bbox 1343 686 1465 750; x_wconf 90' lang='lat' dir='ltr'>incerto</span> 
     </span>
     <span class='ocr_line' id='line_1_3' title="bbox 276 811 736 897; baseline 0 -20"><span class='ocrx_word' id='word_1_18' title='bbox 276 812 454 897; x_wconf 84' lang='lat' dir='ltr'>relinquere</span> <span class='ocrx_word' id='word_1_19' title='bbox 479 811 578 877; x_wconf 76' lang='lat' dir='ltr'>tutius</span> <span class='ocrx_word' id='word_1_20' title='bbox 601 811 736 877; x_wconf 90' lang='lat' dir='ltr'>uidetur.</span> 
     </span>
    </p>
   </div>
   <div class='ocr_carea' id='block_1_2' title="bbox 768 1465 975 1532">
    <p class='ocr_par' dir='ltr' id='par_1_2' title="bbox 768 1465 975 1532">
     <span class='ocr_line' id='line_1_4' title="bbox 768 1465 975 1532; baseline -0.005 -2"><span class='ocrx_word' id='word_1_21' title='bbox 768 1465 911 1532; x_wconf 79' lang='lat' dir='ltr'>CAPV&#39;P</span> <span class='ocrx_word' id='word_1_22' title='bbox 935 1466 975 1532; x_wconf 89' lang='lat' dir='ltr'>V.</span> 
     </span>
    </p>
   </div>
   <div class='ocr_carea' id='block_1_3' title="bbox 323 1663 1467 1750">
    <p class='ocr_par' dir='ltr' id='par_1_3' title="bbox 323 1663 1467 1750">
     <span class='ocr_line' id='line_1_5' title="bbox 323 1663 1467 1750; baseline -0.002 -20"><span class='ocrx_word' id='word_1_23' title='bbox 323 1663 384 1730; x_wconf 82' lang='lat' dir='ltr'>Sed</span> <span class='ocrx_word' id='word_1_24' title='bbox 406 1664 470 1729; x_wconf 89' lang='lat' dir='ltr'>iam</span> <span class='ocrx_word' id='word_1_25' title='bbox 494 1666 595 1749; x_wconf 81' lang='lat' dir='ltr'>ipsam</span> <span class='ocrx_word' id='word_1_26' title='bbox 618 1665 786 1750; x_wconf 83' lang='lat' dir='ltr'>epistulam</span> <span class='ocrx_word' id='word_1_27' title='bbox 811 1665 987 1730; x_wconf 77' lang='lat' dir='ltr'>accuratius</span> <span class='ocrx_word' id='word_1_28' title='bbox 1009 1686 1266 1749; x_wconf 76' lang='lat' dir='ltr'>percenseamus,</span> <span class='ocrx_word' id='word_1_29' title='bbox 1290 1667 1322 1728; x_wconf 91' lang='lat' dir='ltr'>et</span> <span class='ocrx_word' id='word_1_30' title='bbox 1341 1663 1467 1748; x_wconf 88' lang='lat' dir='ltr'>praeiu-</span> 
     </span>
    </p>
   </div>
   <div class='ocr_carea' id='block_1_4' title="bbox 278 1785 1628 1870">
    <p class='ocr_par' dir='ltr' id='par_1_4' title="bbox 278 1785 1628 1870">
     <span class='ocr_line' id='line_1_6' title="bbox 278 1785 1628 1870; baseline 0 -21"><span class='ocrx_word' id='word_1_31' title='bbox 278 1785 392 1850; x_wconf 89' lang='lat' dir='ltr'>dicatis</span> <span class='ocrx_word' id='word_1_32' title='bbox 423 1785 628 1870; x_wconf 82' lang='lat' dir='ltr'>opinionibus</span> <span class='ocrx_word' id='word_1_33' title='bbox 657 1786 748 1850; x_wconf 88' lang='lat' dir='ltr'>liberi</span> <span class='ocrx_word' id='word_1_34' title='bbox 778 1786 1011 1851; x_wconf 75' lang='lat' dir='ltr'>consideremus</span> <span class='ocrx_word' id='word_1_35' title='bbox 1042 1806 1123 1869; x_wconf 88' lang='lat' dir='ltr'>quae</span> <span class='ocrx_word' id='word_1_36' title='bbox 1153 1807 1192 1850; x_wconf 83' lang='lat' dir='ltr'>ex</span> <span class='ocrx_word' id='word_1_37' title='bbox 1222 1785 1308 1850; x_wconf 87' lang='lat' dir='ltr'>illius</span> <span class='ocrx_word' id='word_1_38' title='bbox 1339 1785 1466 1849; x_wconf 90' lang='lat' dir='ltr'>interno</span> <span class='ocrx_word' id='word_1_39' title='bbox 1492 1792 1494 1796; x_wconf 81' lang='grc'>’</span> <span class='ocrx_word' id='word_1_40' title='bbox 1627 1799 1628 1858; x_wconf 54' lang='lat' dir='ltr'>l</span> 
     </span>
    </p>
   </div>
   <div class='ocr_carea' id='block_1_5' title="bbox 278 1905 1471 2476">
    <p class='ocr_par' dir='ltr' id='par_1_5' title="bbox 278 1905 1471 2476">
     <span class='ocr_line' id='line_1_7' title="bbox 278 1905 1470 1992; baseline -0.002 -22"><span class='ocrx_word' id='word_1_41' title='bbox 278 1928 373 1990; x_wconf 91' lang='lat' dir='ltr'>quem</span> <span class='ocrx_word' id='word_1_42' title='bbox 408 1909 527 1971; x_wconf 90' lang='lat' dir='ltr'>uocant</span> <span class='ocrx_word' id='word_1_43' title='bbox 560 1906 673 1972; x_wconf 88' lang='lat' dir='ltr'>habitu</span> <span class='ocrx_word' id='word_1_44' title='bbox 708 1909 898 1992; x_wconf 83' lang='lat' dir='ltr'>argumenta</span> <span class='ocrx_word' id='word_1_45' title='bbox 931 1907 1009 1971; x_wconf 86' lang='lat' dir='ltr'>satis</span> <span class='ocrx_word' id='word_1_46' title='bbox 1042 1906 1135 1970; x_wconf 89' lang='lat' dir='ltr'>firma</span> <span class='ocrx_word' id='word_1_47' title='bbox 1168 1907 1293 1991; x_wconf 87' lang='lat' dir='ltr'>possint</span> <span class='ocrx_word' id='word_1_48' title='bbox 1336 1905 1402 1990; x_wconf 81' lang='lat' dir='ltr'>peti</span> <span class='ocrx_word' id='word_1_49' title='bbox 1431 1909 1470 1969; x_wconf 87' lang='lat' dir='ltr'>ut</span> 
     </span>
     <span class='ocr_line' id='line_1_8' title="bbox 280 2025 1470 2113; baseline -0.001 -21"><span class='ocrx_word' id='word_1_50' title='bbox 280 2026 438 2092; x_wconf 87' lang='lat' dir='ltr'>Ouidiana</span> <span class='ocrx_word' id='word_1_51' title='bbox 462 2029 528 2093; x_wconf 90' lang='lat' dir='ltr'>aius</span> <span class='ocrx_word' id='word_1_52' title='bbox 552 2029 641 2113; x_wconf 85' lang='lat' dir='ltr'>origo</span> <span class='ocrx_word' id='word_1_53' title='bbox 663 2030 733 2094; x_wconf 89' lang='lat' dir='ltr'>iure</span> <span class='ocrx_word' id='word_1_54' title='bbox 755 2028 861 2113; x_wconf 88' lang='lat' dir='ltr'>aliquo</span> <span class='ocrx_word' id='word_1_55' title='bbox 885 2029 936 2093; x_wconf 90' lang='lat' dir='ltr'>uel</span> <span class='ocrx_word' id='word_1_56' title='bbox 960 2027 1134 2093; x_wconf 88' lang='lat' dir='ltr'>affirmetur</span> <span class='ocrx_word' id='word_1_57' title='bbox 1158 2028 1208 2093; x_wconf 97' lang='lat' dir='ltr'>uel</span> <span class='ocrx_word' id='word_1_58' title='bbox 1232 2031 1374 2112; x_wconf 79' lang='lat' dir='ltr'>negetur.</span> <span class='ocrx_word' id='word_1_59' title='bbox 1399 2025 1470 2103; x_wconf 78' lang='lat' dir='ltr'>Qua</span> 
     </span>
     <span class='ocr_line' id='line_1_9' title="bbox 280 2148 1469 2236; baseline 0.001 -24"><span class='ocrx_word' id='word_1_60' title='bbox 280 2148 315 2212; x_wconf 93' lang='lat' dir='ltr'>in</span> <span class='ocrx_word' id='word_1_61' title='bbox 350 2170 384 2213; x_wconf 88' lang='lat' dir='ltr'>re</span> <span class='ocrx_word' id='word_1_62' title='bbox 413 2151 684 2234; x_wconf 88' lang='lat' dir='ltr'>praemonendum</span> <span class='ocrx_word' id='word_1_63' title='bbox 716 2150 826 2236; x_wconf 90' lang='lat' dir='ltr'>utiquc</span> <span class='ocrx_word' id='word_1_64' title='bbox 856 2154 905 2215; x_wconf 88' lang='lat' dir='ltr'>cst</span> <span class='ocrx_word' id='word_1_65' title='bbox 928 2151 1075 2215; x_wconf 88' lang='lat' dir='ltr'>cautione</span> <span class='ocrx_word' id='word_1_66' title='bbox 1098 2153 1131 2215; x_wconf 90' lang='lat' dir='ltr'>et</span> <span class='ocrx_word' id='word_1_67' title='bbox 1153 2149 1322 2234; x_wconf 87' lang='lat' dir='ltr'>prudentia</span> <span class='ocrx_word' id='word_1_68' title='bbox 1345 2171 1469 2216; x_wconf 88' lang='lat' dir='ltr'>summa</span> 
     </span>
     <span class='ocr_line' id='line_1_10' title="bbox 279 2269 1470 2355; baseline -0.001 -21"><span class='ocrx_word' id='word_1_69' title='bbox 279 2291 346 2334; x_wconf 88' lang='lat' dir='ltr'>essa</span> <span class='ocrx_word' id='word_1_70' title='bbox 380 2292 469 2355; x_wconf 88' lang='lat' dir='ltr'>opus.</span> <span class='ocrx_word' id='word_1_71' title='bbox 500 2271 629 2336; x_wconf 80' lang='lat' dir='ltr'>Etenim</span> <span class='ocrx_word' id='word_1_72' title='bbox 661 2294 732 2337; x_wconf 92' lang='lat' dir='ltr'>cum</span> <span class='ocrx_word' id='word_1_73' title='bbox 752 2275 873 2337; x_wconf 90' lang='lat' dir='ltr'>ceterae</span> <span class='ocrx_word' id='word_1_74' title='bbox 896 2271 1071 2336; x_wconf 86' lang='lat' dir='ltr'>Heroidum</span> <span class='ocrx_word' id='word_1_75' title='bbox 1095 2271 1264 2355; x_wconf 79' lang='lat' dir='ltr'>epistulae,</span> <span class='ocrx_word' id='word_1_76' title='bbox 1288 2291 1367 2354; x_wconf 90' lang='lat' dir='ltr'>quas</span> <span class='ocrx_word' id='word_1_77' title='bbox 1389 2269 1470 2354; x_wconf 89' lang='lat' dir='ltr'>quin</span> 
     </span>
     <span class='ocr_line' id='line_1_11' title="bbox 279 2390 1471 2476; baseline -0.001 -21"><span class='ocrx_word' id='word_1_78' title='bbox 279 2391 439 2476; x_wconf 74' lang='lat' dir='ltr'>scripserit</span> <span class='ocrx_word' id='word_1_79' title='bbox 462 2391 595 2458; x_wconf 90' lang='lat' dir='ltr'>Ouidius</span> <span class='ocrx_word' id='word_1_80' title='bbox 619 2414 684 2457; x_wconf 90' lang='lat' dir='ltr'>non</span> <span class='ocrx_word' id='word_1_81' title='bbox 707 2396 756 2457; x_wconf 90' lang='lat' dir='ltr'>est</span> <span class='ocrx_word' id='word_1_82' title='bbox 780 2393 929 2470; x_wconf 88' lang='lat' dir='ltr'>dubium,</span> <span class='ocrx_word' id='word_1_83' title='bbox 950 2392 1124 2456; x_wconf 90' lang='lat' dir='ltr'>traduntur</span> <span class='ocrx_word' id='word_1_84' title='bbox 1141 2392 1235 2457; x_wconf 89' lang='lat' dir='ltr'>nobis</span> <span class='ocrx_word' id='word_1_85' title='bbox 1254 2393 1290 2455; x_wconf 93' lang='lat' dir='ltr'>in</span> <span class='ocrx_word' id='word_1_86' title='bbox 1309 2390 1471 2456; x_wconf 86' lang='lat' dir='ltr'>codicibus</span> 
     </span>
    </p>
   </div>
   <div class='ocr_carea' id='block_1_6' title="bbox 280 2501 1471 2602">
    <p class='ocr_par' dir='ltr' id='par_1_6' title="bbox 280 2501 1471 2602">
     <span class='ocr_line' id='line_1_12' title="bbox 280 2501 1471 2602; baseline -0.001 -25"><span class='ocrx_word' id='word_1_87' title='bbox 280 2513 373 2578; x_wconf 90' lang='lat' dir='ltr'>bonis</span> <span class='ocrx_word' id='word_1_88' title='bbox 405 2518 437 2578; x_wconf 91' lang='lat' dir='ltr'>et</span> <span class='ocrx_word' id='word_1_89' title='bbox 468 2515 623 2600; x_wconf 88' lang='lat' dir='ltr'>antiquis,</span> <span class='ocrx_word' id='word_1_90' title='bbox 656 2537 695 2579; x_wconf 83' lang='lat' dir='ltr'>ex</span> <span class='ocrx_word' id='word_1_91' title='bbox 719 2516 835 2601; x_wconf 92' lang='lat' dir='ltr'>quibus</span> <span class='ocrx_word' id='word_1_92' title='bbox 858 2517 920 2579; x_wconf 92' lang='lat' dir='ltr'>duc</span> <span class='ocrx_word' id='word_1_93' title='bbox 946 2517 1038 2602; x_wconf 87' lang='lat' dir='ltr'>(saec.</span> <span class='ocrx_word' id='word_1_94' title='bbox 1063 2515 1114 2601; x_wconf 81' lang='lat' dir='ltr'>IX</span> <span class='ocrx_word' id='word_1_95' title='bbox 1137 2518 1169 2579; x_wconf 90' lang='lat' dir='ltr'>et</span> <span class='ocrx_word' id='word_1_96' title='bbox 1193 2514 1225 2579; x_wconf 90' lang='lat' dir='ltr'>X</span> <span class='ocrx_word' id='word_1_97' title='bbox 1239 2501 1345 2600; x_wconf 83' lang='lat' dir='ltr'>init),</span> <span class='ocrx_word' id='word_1_98' title='bbox 1370 2515 1471 2577; x_wconf 81' lang='lat' dir='ltr'>»sunt</span> 
     </span>
    </p>
   </div>
   <div class='ocr_carea' id='block_1_7' title="bbox 279 2634 1479 4420">
    <p class='ocr_par' dir='ltr' id='par_1_7' title="bbox 279 2634 1479 4420">
     <span class='ocr_line' id='line_1_13' title="bbox 279 2634 1468 2721; baseline -0.001 -22"><span class='ocrx_word' id='word_1_99' title='bbox 279 2635 363 2699; x_wconf 88' lang='lat' dir='ltr'>inter</span> <span class='ocrx_word' id='word_1_100' title='bbox 394 2637 700 2720; x_wconf 83' lang='lat' dir='ltr'>praestantissimos,</span> <span class='ocrx_word' id='word_1_101' title='bbox 734 2637 790 2721; x_wconf 90' lang='lat' dir='ltr'>qui</span> <span class='ocrx_word' id='word_1_102' title='bbox 821 2657 954 2720; x_wconf 89' lang='lat' dir='ltr'>usquam</span> <span class='ocrx_word' id='word_1_103' title='bbox 986 2640 1080 2714; x_wconf 89' lang='lat' dir='ltr'>sunt,</span> <span class='ocrx_word' id='word_1_104' title='bbox 1110 2638 1253 2701; x_wconf 85' lang='lat' dir='ltr'>ueterum</span> <span class='ocrx_word' id='word_1_105' title='bbox 1278 2634 1468 2719; x_wconf 88' lang='lat' dir='ltr'>scriptorum</span> 
     </span>
     <span class='ocr_line' id='line_1_14' title="bbox 279 2756 1468 2845; baseline -0.003 -24"><span class='ocrx_word' id='word_1_106' title='bbox 279 2757 399 2822; x_wconf 87' lang='lat' dir='ltr'>librcs’&#39;</span> <span class='ocrx_word' id='word_1_107' title='bbox 414 2757 451 2845; x_wconf 87' lang='grc'>1),</span> <span class='ocrx_word' id='word_1_108' title='bbox 486 2759 533 2822; x_wconf 89' lang='lat' dir='ltr'>ita</span> <span class='ocrx_word' id='word_1_109' title='bbox 566 2761 602 2823; x_wconf 90' lang='lat' dir='ltr'>ut</span> <span class='ocrx_word' id='word_1_110' title='bbox 634 2759 774 2842; x_wconf 87' lang='lat' dir='ltr'>genuina</span> <span class='ocrx_word' id='word_1_111' title='bbox 803 2762 915 2844; x_wconf 87' lang='lat' dir='ltr'>poetae</span> <span class='ocrx_word' id='word_1_112' title='bbox 947 2780 1060 2823; x_wconf 89' lang='lat' dir='ltr'>manus</span> <span class='ocrx_word' id='word_1_113' title='bbox 1083 2757 1242 2843; x_wconf 90' lang='lat' dir='ltr'>plerisque</span> <span class='ocrx_word' id='word_1_114' title='bbox 1263 2757 1341 2821; x_wconf 89' lang='lat' dir='ltr'>loeis</span> <span class='ocrx_word' id='word_1_115' title='bbox 1366 2756 1468 2840; x_wconf 87' lang='lat' dir='ltr'>possit</span> 
     </span>
     <span class='ocr_line' id='line_1_15' title="bbox 280 2877 1472 2965; baseline 0.001 -22"><span class='ocrx_word' id='word_1_116' title='bbox 280 2879 472 2964; x_wconf 88' lang='lat' dir='ltr'>deprehendi</span> <span class='ocrx_word' id='word_1_117' title='bbox 495 2881 572 2946; x_wconf 89' lang='lat' dir='ltr'>satis</span> <span class='ocrx_word' id='word_1_118' title='bbox 594 2885 679 2946; x_wconf 90' lang='lat' dir='ltr'>certe</span> <span class='ocrx_word' id='word_1_119' title='bbox 693 2881 843 2965; x_wconf 82' lang='lat' dir='ltr'>-longe</span> <span class='ocrx_word' id='word_1_120' title='bbox 862 2881 954 2946; x_wconf 89' lang='lat' dir='ltr'>aliter</span> <span class='ocrx_word' id='word_1_121' title='bbox 971 2881 1078 2965; x_wconf 85' lang='lat' dir='ltr'>agitur</span> <span class='ocrx_word' id='word_1_122' title='bbox 1097 2881 1136 2944; x_wconf 92' lang='lat' dir='ltr'>de</span> <span class='ocrx_word' id='word_1_123' title='bbox 1155 2879 1291 2964; x_wconf 79' lang='lat' dir='ltr'>epistula</span> <span class='ocrx_word' id='word_1_124' title='bbox 1311 2877 1472 2963; x_wconf 81' lang='lat' dir='ltr'>Sapphus.</span> 
     </span>
     <span class='ocr_line' id='line_1_16' title="bbox 280 3001 1474 3090; baseline -0.004 -22"><span class='ocrx_word' id='word_1_125' title='bbox 280 3001 378 3068; x_wconf 84' lang='lat' dir='ltr'>Cuius</span> <span class='ocrx_word' id='word_1_126' title='bbox 412 3004 666 3088; x_wconf 90' lang='lat' dir='ltr'>antiquissimum</span> <span class='ocrx_word' id='word_1_127' title='bbox 705 3005 867 3088; x_wconf 86' lang='lat' dir='ltr'>exemplar</span> <span class='ocrx_word' id='word_1_128' title='bbox 904 3025 976 3068; x_wconf 92' lang='lat' dir='ltr'>cum</span> <span class='ocrx_word' id='word_1_129' title='bbox 1012 3003 1055 3068; x_wconf 90' lang='lat' dir='ltr'>sit</span> <span class='ocrx_word' id='word_1_130' title='bbox 1092 3002 1194 3067; x_wconf 88' lang='lat' dir='ltr'>tribus</span> <span class='ocrx_word' id='word_1_131' title='bbox 1232 3001 1283 3065; x_wconf 92' lang='lat' dir='ltr'>uel</span> <span class='ocrx_word' id='word_1_132' title='bbox 1318 3002 1474 3090; x_wconf 88' lang='lat' dir='ltr'>quattuor</span> 
     </span>
     <span class='ocr_line' id='line_1_17' title="bbox 280 3121 1473 3209; baseline -0.004 -19"><span class='ocrx_word' id='word_1_133' title='bbox 280 3125 412 3190; x_wconf 90' lang='lat' dir='ltr'>saeculis</span> <span class='ocrx_word' id='word_1_134' title='bbox 453 3125 610 3191; x_wconf 88' lang='lat' dir='ltr'>recentius</span> <span class='ocrx_word' id='word_1_135' title='bbox 644 3148 740 3209; x_wconf 91' lang='lat' dir='ltr'>quam</span> <span class='ocrx_word' id='word_1_136' title='bbox 775 3129 950 3191; x_wconf 89' lang='lat' dir='ltr'>ceterarum</span> <span class='ocrx_word' id='word_1_137' title='bbox 985 3125 1161 3190; x_wconf 91' lang='lat' dir='ltr'>Heroidum</span> <span class='ocrx_word' id='word_1_138' title='bbox 1196 3124 1319 3188; x_wconf 90' lang='lat' dir='ltr'>codices</span> <span class='ocrx_word' id='word_1_139' title='bbox 1355 3121 1473 3206; x_wconf 89' lang='lat' dir='ltr'>optimi</span> 
     </span>
     <span class='ocr_line' id='line_1_18' title="bbox 281 3243 1473 3332; baseline -0.003 -21"><span class='ocrx_word' id='word_1_140' title='bbox 281 3246 397 3332; x_wconf 87' lang='lat' dir='ltr'>(neque</span> <span class='ocrx_word' id='word_1_141' title='bbox 428 3246 513 3310; x_wconf 87' lang='lat' dir='ltr'>enim</span> <span class='ocrx_word' id='word_1_142' title='bbox 544 3245 703 3332; x_wconf 82' lang='lat' dir='ltr'>Excerpta</span> <span class='ocrx_word' id='word_1_143' title='bbox 726 3247 781 3310; x_wconf 88' lang='lat' dir='ltr'>illa</span> <span class='ocrx_word' id='word_1_144' title='bbox 803 3247 949 3311; x_wconf 88' lang='lat' dir='ltr'>Parisina</span> <span class='ocrx_word' id='word_1_145' title='bbox 973 3245 1012 3309; x_wconf 88' lang='lat' dir='ltr'>ad</span> <span class='ocrx_word' id='word_1_146' title='bbox 1035 3244 1119 3309; x_wconf 88' lang='lat' dir='ltr'>hanc</span> <span class='ocrx_word' id='word_1_147' title='bbox 1143 3245 1269 3329; x_wconf 91' lang='lat' dir='ltr'>quidem</span> <span class='ocrx_word' id='word_1_148' title='bbox 1293 3265 1361 3308; x_wconf 87' lang='lat' dir='ltr'>rem</span> <span class='ocrx_word' id='word_1_149' title='bbox 1386 3243 1473 3308; x_wconf 92' lang='lat' dir='ltr'>mul-</span> 
     </span>
     <span class='ocr_line' id='line_1_19' title="bbox 281 3365 1473 3453; baseline -0.003 -21"><span class='ocrx_word' id='word_1_150' title='bbox 281 3372 349 3432; x_wconf 89' lang='lat' dir='ltr'>tum</span> <span class='ocrx_word' id='word_1_151' title='bbox 384 3367 586 3453; x_wconf 85' lang='lat' dir='ltr'>conferunt),</span> <span class='ocrx_word' id='word_1_152' title='bbox 618 3371 739 3432; x_wconf 86' lang='lat' dir='ltr'>textum</span> <span class='ocrx_word' id='word_1_153' title='bbox 771 3368 924 3433; x_wconf 87' lang='lat' dir='ltr'>exhibent</span> <span class='ocrx_word' id='word_1_154' title='bbox 957 3367 1080 3432; x_wconf 89' lang='lat' dir='ltr'>codices</span> <span class='ocrx_word' id='word_1_155' title='bbox 1110 3367 1202 3431; x_wconf 76' lang='lat' dir='ltr'>nobie</span> <span class='ocrx_word' id='word_1_156' title='bbox 1233 3365 1302 3430; x_wconf 92' lang='lat' dir='ltr'>noti</span> <span class='ocrx_word' id='word_1_157' title='bbox 1333 3367 1365 3429; x_wconf 89' lang='lat' dir='ltr'>et</span> <span class='ocrx_word' id='word_1_158' title='bbox 1400 3386 1473 3429; x_wconf 91' lang='lat' dir='ltr'>cor-</span> 
     </span>
     <span class='ocr_line' id='line_1_20' title="bbox 280 3486 1472 3573; baseline -0.003 -21"><span class='ocrx_word' id='word_1_159' title='bbox 280 3491 410 3572; x_wconf 87' lang='lat' dir='ltr'>ruptum</span> <span class='ocrx_word' id='word_1_160' title='bbox 447 3493 479 3553; x_wconf 86' lang='lat' dir='ltr'>et</span> <span class='ocrx_word' id='word_1_161' title='bbox 510 3489 755 3573; x_wconf 85' lang='lat' dir='ltr'>interpolatum,</span> <span class='ocrx_word' id='word_1_162' title='bbox 786 3489 833 3553; x_wconf 83' lang='grc'>111</span> <span class='ocrx_word' id='word_1_163' title='bbox 863 3492 901 3553; x_wconf 89' lang='grc'>11</span> <span class='ocrx_word' id='word_1_164' title='bbox 922 3509 1147 3573; x_wconf 88' lang='lat' dir='ltr'>nonnusquam</span> <span class='ocrx_word' id='word_1_165' title='bbox 1171 3486 1346 3564; x_wconf 88' lang='lat' dir='ltr'>dubitatio,</span> <span class='ocrx_word' id='word_1_166' title='bbox 1369 3486 1472 3550; x_wconf 92' lang='lat' dir='ltr'>immo</span> 
     </span>
     <span class='ocr_line' id='line_1_21' title="bbox 281 3606 1475 3693; baseline -0.003 -20"><span class='ocrx_word' id='word_1_167' title='bbox 281 3609 417 3693; x_wconf 88' lang='lat' dir='ltr'>suspicio</span> <span class='ocrx_word' id='word_1_168' title='bbox 451 3610 562 3674; x_wconf 86' lang='lat' dir='ltr'>lectori</span> <span class='ocrx_word' id='word_1_169' title='bbox 592 3610 730 3688; x_wconf 87' lang='lat' dir='ltr'>oriatur,</span> <span class='ocrx_word' id='word_1_170' title='bbox 760 3609 794 3674; x_wconf 93' lang='lat' dir='ltr'>id</span> <span class='ocrx_word' id='word_1_171' title='bbox 825 3610 909 3693; x_wconf 91' lang='lat' dir='ltr'>quod</span> <span class='ocrx_word' id='word_1_172' title='bbox 941 3630 1034 3673; x_wconf 90' lang='lat' dir='ltr'>nemo</span> <span class='ocrx_word' id='word_1_173' title='bbox 1057 3607 1199 3693; x_wconf 82' lang='lat' dir='ltr'>profecto</span> <span class='ocrx_word' id='word_1_174' title='bbox 1223 3606 1392 3671; x_wconf 87' lang='lat' dir='ltr'>mirabitur</span> <span class='ocrx_word' id='word_1_175' title='bbox 1414 3607 1475 3690; x_wconf 90' lang='lat' dir='ltr'>qui</span> 
     </span>
     <span class='ocr_line' id='line_1_22' title="bbox 282 3727 1474 3814; baseline -0.001 -21"><span class='ocrx_word' id='word_1_176' title='bbox 282 3751 330 3794; x_wconf 85' lang='lat' dir='ltr'>ex.</span> <span class='ocrx_word' id='word_1_177' title='bbox 356 3750 403 3814; x_wconf 82' lang='lat' dir='ltr'>gr.</span> <span class='ocrx_word' id='word_1_178' title='bbox 427 3728 603 3795; x_wconf 89' lang='lat' dir='ltr'>Heroidum</span> <span class='ocrx_word' id='word_1_179' title='bbox 626 3729 715 3797; x_wconf 77' lang='lat' dir='ltr'>MSS.</span> <span class='ocrx_word' id='word_1_180' title='bbox 742 3730 970 3814; x_wconf 81' lang='lat' dir='ltr'>antiquissimis</span> <span class='ocrx_word' id='word_1_181' title='bbox 992 3733 1024 3793; x_wconf 89' lang='lat' dir='ltr'>et</span> <span class='ocrx_word' id='word_1_182' title='bbox 1047 3729 1103 3806; x_wconf 88' lang='lat' dir='ltr'>iis,</span> <span class='ocrx_word' id='word_1_183' title='bbox 1125 3750 1204 3813; x_wconf 87' lang='lat' dir='ltr'>qnae</span> <span class='ocrx_word' id='word_1_184' title='bbox 1216 3727 1474 3793; x_wconf 84' lang='lat' dir='ltr'>Francofurtano</span> 
     </span>
     <span class='ocr_line' id='line_1_23' title="bbox 282 3850 1476 3936; baseline -0.001 -21"><span class='ocrx_word' id='word_1_185' title='bbox 282 3852 391 3915; x_wconf 88' lang='lat' dir='ltr'>nostro</span> <span class='ocrx_word' id='word_1_186' title='bbox 423 3853 499 3915; x_wconf 90' lang='lat' dir='ltr'>sunt</span> <span class='ocrx_word' id='word_1_187' title='bbox 528 3852 689 3936; x_wconf 87' lang='lat' dir='ltr'>aequalia,</span> <span class='ocrx_word' id='word_1_188' title='bbox 715 3852 798 3916; x_wconf 90' lang='lat' dir='ltr'>inter</span> <span class='ocrx_word' id='word_1_189' title='bbox 821 3874 854 3916; x_wconf 92' lang='lat' dir='ltr'>se</span> <span class='ocrx_word' id='word_1_190' title='bbox 878 3851 1069 3935; x_wconf 88' lang='lat' dir='ltr'>comparatis</span> <span class='ocrx_word' id='word_1_191' title='bbox 1092 3850 1286 3914; x_wconf 87' lang='lat' dir='ltr'>intellexerit</span> <span class='ocrx_word' id='word_1_192' title='bbox 1308 3871 1404 3934; x_wconf 90' lang='lat' dir='ltr'>quam</span> <span class='ocrx_word' id='word_1_193' title='bbox 1428 3850 1476 3914; x_wconf 89' lang='lat' dir='ltr'>sit</span> 
     </span>
     <span class='ocr_line' id='line_1_24' title="bbox 281 3970 1475 4057; baseline 0 -21"><span class='ocrx_word' id='word_1_194' title='bbox 281 3973 345 4036; x_wconf 88' lang='lat' dir='ltr'>late</span> <span class='ocrx_word' id='word_1_195' title='bbox 368 3975 512 4056; x_wconf 85' lang='lat' dir='ltr'>grassata</span> <span class='ocrx_word' id='word_1_196' title='bbox 534 3972 573 4035; x_wconf 91' lang='lat' dir='ltr'>iis</span> <span class='ocrx_word' id='word_1_197' title='bbox 597 3973 794 4057; x_wconf 84' lang='lat' dir='ltr'>temporibus</span> <span class='ocrx_word' id='word_1_198' title='bbox 813 3973 1016 4039; x_wconf 80' lang='lat' dir='ltr'>librariorum</span> <span class='ocrx_word' id='word_1_199' title='bbox 1036 3971 1182 4036; x_wconf 87' lang='lat' dir='ltr'>mutandi</span> <span class='ocrx_word' id='word_1_200' title='bbox 1202 3975 1234 4035; x_wconf 91' lang='grc'>11</span> <span class='ocrx_word' id='word_1_201' title='bbox 1252 3970 1475 4055; x_wconf 86' lang='lat' dir='ltr'>interpolandi</span> 
     </span>
     <span class='ocr_line' id='line_1_25' title="bbox 280 4092 1477 4178; baseline 0 -21"><span class='ocrx_word' id='word_1_202' title='bbox 280 4093 390 4158; x_wconf 92' lang='lat' dir='ltr'>libido.</span> <span class='ocrx_word' id='word_1_203' title='bbox 423 4093 527 4169; x_wconf 81' lang='lat' dir='ltr'>Quare</span> <span class='ocrx_word' id='word_1_204' title='bbox 557 4094 728 4158; x_wconf 89' lang='lat' dir='ltr'>dolendum</span> <span class='ocrx_word' id='word_1_205' title='bbox 762 4115 954 4178; x_wconf 85' lang='lat' dir='ltr'>magnopere</span> <span class='ocrx_word' id='word_1_206' title='bbox 986 4097 1034 4158; x_wconf 90' lang='lat' dir='ltr'>est</span> <span class='ocrx_word' id='word_1_207' title='bbox 1063 4095 1148 4176; x_wconf 92' lang='lat' dir='ltr'>quod</span> <span class='ocrx_word' id='word_1_208' title='bbox 1172 4095 1222 4156; x_wconf 87' lang='lat' dir='ltr'>tot</span> <span class='ocrx_word' id='word_1_209' title='bbox 1245 4098 1277 4156; x_wconf 91' lang='grc'>11</span> <span class='ocrx_word' id='word_1_210' title='bbox 1300 4095 1366 4156; x_wconf 90' lang='lat' dir='ltr'>tam</span> <span class='ocrx_word' id='word_1_211' title='bbox 1390 4092 1477 4157; x_wconf 89' lang='lat' dir='ltr'>acris</span> 
     </span>
     <span class='ocr_line' id='line_1_26' title="bbox 282 4213 1479 4300; baseline 0.003 -23"><span class='ocrx_word' id='word_1_212' title='bbox 282 4214 391 4279; x_wconf 91' lang='lat' dir='ltr'>iudicii</span> <span class='ocrx_word' id='word_1_213' title='bbox 416 4215 476 4278; x_wconf 86' lang='lat' dir='ltr'>uiri</span> <span class='ocrx_word' id='word_1_214' title='bbox 501 4217 539 4279; x_wconf 89' lang='lat' dir='ltr'>de</span> <span class='ocrx_word' id='word_1_215' title='bbox 564 4215 767 4280; x_wconf 76' lang='lat' dir='ltr'>emendandis</span> <span class='ocrx_word' id='word_1_216' title='bbox 792 4213 898 4279; x_wconf 89' lang='lat' dir='ltr'>Ouidii</span> <span class='ocrx_word' id='word_1_217' title='bbox 923 4215 1068 4300; x_wconf 90' lang='lat' dir='ltr'>epistulis</span> <span class='ocrx_word' id='word_1_218' title='bbox 1092 4215 1218 4299; x_wconf 81' lang='lat' dir='ltr'>egregie</span> <span class='ocrx_word' id='word_1_219' title='bbox 1242 4215 1364 4298; x_wconf 88' lang='lat' dir='ltr'>meriti,</span> <span class='ocrx_word' id='word_1_220' title='bbox 1388 4213 1479 4280; x_wconf 91' lang='lat' dir='ltr'>hanc</span> 
     </span>
     <span class='ocr_line' id='line_1_27' title="bbox 282 4333 1478 4420; baseline 0.001 -21"><span class='ocrx_word' id='word_1_221' title='bbox 282 4333 449 4418; x_wconf 88' lang='lat' dir='ltr'>epistulam</span> <span class='ocrx_word' id='word_1_222' title='bbox 484 4334 670 4420; x_wconf 90' lang='lat' dir='ltr'>plerumque</span> <span class='ocrx_word' id='word_1_223' title='bbox 704 4336 925 4420; x_wconf 85' lang='lat' dir='ltr'>neglexerunt.</span> <span class='ocrx_word' id='word_1_224' title='bbox 957 4333 1054 4400; x_wconf 79' lang='lat' dir='ltr'>(laius</span> <span class='ocrx_word' id='word_1_225' title='bbox 1086 4335 1187 4419; x_wconf 83' lang='lat' dir='ltr'>igitur</span> <span class='ocrx_word' id='word_1_226' title='bbox 1215 4335 1300 4399; x_wconf 88' lang='lat' dir='ltr'>iusta</span> <span class='ocrx_word' id='word_1_227' title='bbox 1330 4335 1478 4400; x_wconf 87' lang='lat' dir='ltr'>recensio</span> 
     </span>
    </p>
   </div>
   <div class='ocr_carea' id='block_1_8' title="bbox 318 4582 998 4650">
    <p class='ocr_par' dir='ltr' id='par_1_8' title="bbox 318 4582 998 4650">
     <span class='ocr_line' id='line_1_28' title="bbox 318 4582 998 4650; baseline -0.003 -16"><span class='ocrx_word' id='word_1_228' title='bbox 318 4586 344 4650; x_wconf 90' lang='lat'>1)</span> <span class='ocrx_word' id='word_1_229' title='bbox 362 4585 398 4635; x_wconf 79' lang='lat' dir='ltr'>Cf.</span> <span class='ocrx_word' id='word_1_230' title='bbox 419 4585 516 4634; x_wconf 84' lang='lat' dir='ltr'>Merkel</span> <span class='ocrx_word' id='word_1_231' title='bbox 532 4585 558 4634; x_wconf 89' lang='lat' dir='ltr'>in</span> <span class='ocrx_word' id='word_1_232' title='bbox 575 4586 633 4634; x_wconf 88' lang='lat' dir='ltr'>edit.</span> <span class='ocrx_word' id='word_1_233' title='bbox 650 4584 721 4634; x_wconf 84' lang='lat' dir='ltr'>Ouid.</span> <span class='ocrx_word' id='word_1_234' title='bbox 741 4582 855 4634; x_wconf 84' lang='lat' dir='ltr'>Teubner.</span> <span class='ocrx_word' id='word_1_235' title='bbox 874 4583 894 4633; x_wconf 94' lang='lat' dir='ltr'>I.</span> <span class='ocrx_word' id='word_1_236' title='bbox 914 4599 938 4648; x_wconf 91' lang='lat' dir='ltr'>p.</span> <span class='ocrx_word' id='word_1_237' title='bbox 956 4583 998 4632; x_wconf 90' lang='lat' dir='ltr'>VI.</span> 
     </span>
    </p>
   </div>
   <div class='ocr_carea' id='block_1_9' title="bbox 0 0 1651 5292">
    <p class='ocr_par' dir='ltr' id='par_1_9' title="bbox 0 0 1651 5292">
     <span class='ocr_line' id='line_1_29' title="bbox 0 0 1651 5292; baseline 0 0"><span class='ocrx_word' id='word_1_238' title='bbox 0 0 1651 5292; x_wconf 95' lang='lat' dir='ltr'> </span> 
     </span>
    </p>
   </div>
  </div>
 </body>
</html>
