3274 5292
830 383 893 446 140

271 568 394 632 »solum
426 567 534 630 odiosa
563 568 611 630 cst
633 564 737 630 forma
760 563 833 650 11¹)
859 567 955 650 [quae
979 565 1019 630 ab
1044 563 1160 630 Ouidio
1183 564 1249 630 fere
1272 566 1376 630 aliena
1399 569 1461 631 est.

270 709 365 773 ιρις.
397 689 495 772 386],
529 688 582 751 sed
612 687 647 751 in
673 687 816 771 primum
845 687 911 752 eius
936 688 1047 772 pedem
1070 687 1242 771 spondaico
1264 687 1355 752 illata
1376 709 1461 765 uox,

270 811 324 874 »id
355 813 441 893 quod
472 830 537 873 non
570 812 793 874 concesserunt
820 810 881 874 sibi
905 810 965 874 nisi
987 810 1154 894 scriptores
1178 831 1377 874 caesurarum
1401 831 1462 873 ne-

270 931 533 1017 ›glegentissimi
559 969 600 980 -
626 931 678 997 Aa
708 931 844 995 formam
876 931 910 994 II
932 931 1093 996 inclinant
1116 953 1162 994 us.
1189 930 1232 995 83
1255 935 1288 996 et
1315 932 1389 997 173.
1417 968 1460 978 -

271 1053 440 1137 »Sapphus
465 1054 600 1138 scriptor
622 1052 669 1117 ita
689 1055 790 1117 artem
810 1052 966 1117 emolliuit
985 1056 1022 1117 ut
1041 1053 1231 1137 quinquiens
1251 1052 1375 1116 deciens
1387 1056 1464 1136 post

271 1177 444 1258 »quartum
466 1174 651 1239 trochaeum
674 1173 877 1258 frangeretur
897 1195 1014 1250 sermo,
1036 1173 1097 1237 hoc
1115 1177 1162 1238 est
1181 1172 1277 1237 semel
1295 1174 1329 1236 in
1343 1173 1383 1264 5}
1396 1195 1461 1238 uss.

271 1294 344 1379 »(in
376 1296 415 1360 18
448 1317 510 1360 uss.
542 1294 625 1378 Epp.
658 1316 697 1358 ex
727 1294 833 1358 Ponto
861 1293 920 1372 IV,
943 1295 977 1357 in
1004 1294 1066 1386 14}
1089 1316 1128 1358 ex
1151 1293 1256 1358 Ponto
1279 1294 1313 1372 I,
1338 1295 1373 1359 in
1398 1296 1463 1383 29}

273 1415 390 1506 »Vnst
414 1416 449 1494 I,
473 1416 508 1480 in
536 1416 576 1479 17
601 1415 676 1479 Met.
703 1414 782 1492 VII,
808 1415 843 1478 in
870 1414 932 1506 173¹,
955 1414 1031 1479 Her.
1057 1415 1082 1478 I.
1107 1415 1149 1479 ll.
1176 1415 1233 1480 IV.
1258 1415 1298 1481 V.
1312 1415 1370 1482 Vl.
1384 1415 1461 1480 Vll.

229 1531 233 1540 ¹
274 1539 338 1603 ›X.
364 1538 433 1622 XI,
457 1539 491 1602 in
517 1539 579 1627 113.
603 1536 678 1602 Her.
704 1537 766 1601 ΙΙΙ.
792 1535 883 1602 VIII.
909 1536 967 1602 IX.
993 1535 1065 1601 XII.
1088 1537 1183 1601 XIII.
1202 1536 1290 1616 XIV,
1305 1560 1463 1621 nusquam

275 1661 332 1723 »in
356 1659 519 1744 Phyllide,
543 1660 578 1723 in
603 1661 622 1725 8
647 1659 682 1723 in
705 1658 901 1744 Deianira)”.
929 1697 969 1706 —-

321 1781 457 1847 Versum
491 1782 571 1845 113:
602 1781 777 1867 Postquam
808 1805 837 1846 aa
868 1782 956 1846 dolor
978 1784 1112 1860 inuenit,
1136 1803 1187 1846 ricc
1206 1795 1334 1868 pectora
1353 1783 1466 1869 plaapi

276 1903 317 1966 ob
349 1903 496 1966 metricas
528 1901 667 1966 rationes
699 1923 765 1966 esse
796 1903 1042 1986 uituperandum
1067 1901 1204 1966 libenter
1229 1903 1376 1967 concedo.
1400 1902 1464 1966 Mi-

276 2025 361 2087 nime
385 2027 492 2087 tamen
515 2027 738 2108 argumentum
758 2023 833 2086 inde
852 2045 973 2088 sumere
992 2023 1106 2088 uellem
1119 2045 1183 2107 quo
1195 2024 1466 2088 demonstraretur

275 2146 360 2210 hanc
383 2146 551 2229 epistulam
575 2165 641 2208 non
665 2165 731 2208 esse
757 2145 907 2229 scriptam
932 2144 971 2208 ab
997 2142 1120 2210 Ouidio.
1151 2144 1297 2229 Apparet
1319 2145 1403 2209 enim
1426 2167 1465 2209 ex

278 2267 348 2330 aliis
379 2267 505 2331 indiciis
537 2265 623 2331 hunc
656 2288 781 2331 uersum
805 2288 902 2350 praue
925 2288 991 2330 esse
1014 2266 1166 2330 traditum
1190 2267 1225 2329 in
1249 2267 1409 2330 codicibus
1433 2270 1467 2331 et

278 2393 363 2454 certo
394 2389 510 2453 certius
541 2411 560 2452 a
590 2390 684 2472 poeta
716 2388 807 2452 aliter
830 2409 896 2452 esse
918 2387 1038 2482 fictum.
1062 2385 1135 2452 Siue
1158 2392 1264 2452 autem
1287 2391 1336 2452 est
1357 2410 1466 2452 emen·

278 2511 400 2575 dandus
423 2511 456 2573 in
481 2510 612 2575 modum
635 2531 728 2593 quern
754 2531 812 2594 ego
835 2510 870 2572 in
896 2511 1123 2574 commentario
1147 2511 1191 2596 (p.
1218 2512 1275 2596 82)
1295 2511 1464 2595 proposui,

277 2631 344 2695 siue
376 2631 462 2695 alind
494 2631 662 2714 quicquam
686 2631 850 2695 restituere
874 2631 1037 2708 malueris,
1064 2631 1125 2696 hoo
1148 2634 1275 2696 constat
1297 2652 1375 2716 opus
1400 2653 1468 2695 esse

277 2753 516 2834 emendatione;
553 2774 654 2835 neque
689 2752 788 2836 igitur
819 2752 899 2816 illud
931 2776 960 2816 sc
992 2755 1128 2818 inuenire
1160 2775 1261 2838 noque
1284 2752 1387 2816 forma
1410 2753 1468 2816 illa

276 2895 385 2937 uersus
417 2873 451 2936 in
483 2873 668 2956 quaestione
692 2873 731 2936 de
754 2873 853 2937 totius
876 2874 1029 2957 epistulae
1053 2874 1176 2959 origine
1199 2875 1317 2939 iustum
1340 2877 1468 2959 pondus

276 2994 393 3058 habere
416 2998 559 3078 possunt.

322 3114 412 3190 Quod
447 3139 522 3181 uero
553 3117 593 3180 ad
624 3115 809 3180 »odiosam’'
834 3115 970 3180 formam
994 3116 1027 3180 ll
1050 3117 1208 3181 inclinant
1232 3139 1341 3182 uersus
1367 3120 1410 3182 83
1434 3121 1470 3182 et

280 3239 362 3316 173,
386 3260 442 3303 cur
464 3239 497 3303 id
522 3260 580 3302 nos
604 3241 732 3303 moueat
754 3261 821 3302 non
846 3239 948 3302 uidae.
975 3238 1092 3303 Versus
1115 3240 1197 3303 enirn
1225 3227 1357 3323 uterque
1381 3241 1468 3323 quod

241 3427 242 3431 ,
277 3359 488 3444 reprehendas
502 3359 581 3423 nihil
594 3359 701 3425 habet.
714 3358 806 3437 Quid,
816 3359 957 3442 obsecro,
969 3360 1102 3424 interest
1113 3361 1197 3425 inter
1209 3361 1344 3425 formam
1358 3382 1468 3426 uersus

278 3482 321 3546 83
346 3485 377 3544 et
404 3519 443 3528 —
469 3501 548 3564 qnos
572 3481 707 3565 exempli
731 3502 824 3545 eausa
843 3481 905 3545 cito
922 3519 960 3528 -
977 3480 1053 3544 Her.
1073 3481 1115 3544 Il.
1140 3481 1180 3546 37
1204 3483 1255 3546 uel
1276 3482 1352 3549 Met.
1373 3481 1466 3547 VIII.

279 3601 367 3665 509?
390 3601 458 3665 Aut
482 3623 545 3686 qua
567 3603 696 3666 tandem
720 3602 812 3666 inre
837 3602 943 3666 differt
966 3601 1068 3666 forma
1092 3625 1199 3668 uersus
1225 3604 1288 3667 173
1308 3625 1333 3667 e.
1359 3624 1407 3687 gr.
1428 3603 1469 3667 ab

279 3721 356 3786 Her.
382 3721 441 3786 IV.
467 3723 550 3800 137,
574 3721 631 3787 VI.
659 3724 718 3805 79,
742 3722 817 3789 VII.
844 3723 903 3800 59;
933 3723 1014 3800 177,
1039 3724 1079 3788 Χ.
1107 3724 1166 3807 59,
1192 3725 1251 3789 XI.
1278 3723 1413 3801 101,A.
1427 3724 1467 3786 Α.

279 3845 306 3908 ι.
340 3844 423 3921 cor,
458 3844 539 3920 ιιι,
571 3844 616 3908 ιι.
650 3844 708 3926 ιι,
741 3844 818 3909 nec.
852 3843 876 3906 1.
904 3845 987 3929 sos,
1014 3845 1096 3926 err,
1122 3843 1179 3910 ιι.
1205 3843 1468 3928 assamque

280 3987 447 4043 uersuum,
471 3965 506 4028 in
529 3965 643 4048 quibus
667 3968 740 4049 post
763 3970 911 4050 quartum
936 3966 1120 4030 trochaeum
1133 3965 1303 4042 inciditur,
1318 3986 1469 4043 numere,

279 4087 372 4150 firma
406 4090 541 4170 possunt
576 4086 642 4170 peti
674 4090 879 4171 argumenta,
913 4109 984 4151 curn
1018 4086 1202 4172 praesertim
1234 4109 1253 4149 a
1280 4085 1379 4150 Birtio
1403 4107 1470 4150 non

315 4338 343 4404 1)
369 4339 402 4387 H.
429 4355 449 4387 e.
478 4354 560 4386 uenus
585 4337 744 4400 inquopost
763 4338 887 4387 secundam
905 4337 1057 4386 simularem
1075 4335 1362 4401 etquartamlrangitur
1380 4349 1468 4392 sermo,

280 4421 347 4470 euius
364 4421 498 4484 exemplum
516 4420 597 4468 Bittio
614 4421 649 4468 est
667 4434 749 4468 uersus
767 4420 901 4468 Ennianus:

567 4501 711 4566 Exspectans
728 4501 748 4549 si
766 4505 883 4550 manserat
901 4516 960 4564 quae
978 4501 1078 4564 deniqne
1095 4515 1174 4564 pausa.

282 4583 319 4632 Oi.
338 4583 407 4642 Birt,
427 4584 455 4632 ed
472 4583 528 4633 hist.
546 4581 677 4632 hexametri
695 4583 747 4630 Iat.
768 4581 842 4645 symb.
862 4581 929 4645 (diss.
946 4582 1024 4645 inaug.
1045 4583 1121 4632 Bonn.
1140 4580 1213 4641 1876)
1231 4597 1253 4646 p.
1273 4580 1295 4633 7.
