<?xml version="1.0" encoding="UTF-8"?>
<!DOCTYPE html PUBLIC "-//W3C//DTD XHTML 1.0 Transitional//EN"
    "http://www.w3.org/TR/xhtml1/DTD/xhtml1-transitional.dtd">
<html xmlns="http://www.w3.org/1999/xhtml" xml:lang="en" lang="en">
 <head>
  <title>
</title>
<meta http-equiv="Content-Type" content="text/html;charset=utf-8" />
  <meta name='ocr-system' content='tesseract 3.04.00' />
  <meta name='ocr-capabilities' content='ocr_page ocr_carea ocr_par ocr_line ocrx_word'/>
</head>
<body>
  <div class='ocr_page' id='page_1' title='image "./epistulasapphus00ovidgoog_0141.png"; bbox 0 0 3274 5292; ppageno 0'>
   <div class='ocr_carea' id='block_1_1' title="bbox 828 367 892 431">
    <p class='ocr_par' dir='ltr' id='par_1_1' title="bbox 828 367 892 431">
     <span class='ocr_line' id='line_1_1' title="bbox 828 367 892 431; baseline 0.016 -1"><span class='ocrx_word' id='word_1_1' title='bbox 828 367 892 431; x_wconf 82' lang='lat'>124</span> 
     </span>
    </p>
   </div>
   <div class='ocr_carea' id='block_1_2' title="bbox 273 549 1465 1616">
    <p class='ocr_par' dir='ltr' id='par_1_2' title="bbox 275 549 1270 759">
     <span class='ocr_line' id='line_1_2' title="bbox 475 549 1270 634; baseline -0.005 -18"><span class='ocrx_word' id='word_1_2' title='bbox 475 550 502 616; x_wconf 93' lang='lat'>0</span> <span class='ocrx_word' id='word_1_3' title='bbox 534 572 594 616; x_wconf 87' lang='lat' dir='ltr'>nec</span> <span class='ocrx_word' id='word_1_4' title='bbox 625 549 729 614; x_wconf 90' lang='lat' dir='ltr'>adhuc</span> <span class='ocrx_word' id='word_1_5' title='bbox 760 549 903 629; x_wconf 85' lang='lat' dir='ltr'>iuuenis,</span> <span class='ocrx_word' id='word_1_6' title='bbox 934 571 993 615; x_wconf 87' lang='lat' dir='ltr'>nec</span> <span class='ocrx_word' id='word_1_7' title='bbox 1020 549 1084 613; x_wconf 92' lang='lat' dir='ltr'>iam</span> <span class='ocrx_word' id='word_1_8' title='bbox 1108 570 1187 634; x_wconf 90' lang='lat' dir='ltr'>puer</span> <span class='ocrx_word' id='word_1_9' title='bbox 1211 551 1270 613; x_wconf 91' lang='lat' dir='ltr'>cet.</span> 
     </span>
     <span class='ocr_line' id='line_1_3' title="bbox 275 663 1225 759; baseline -0.005 -20"><span class='ocrx_word' id='word_1_10' title='bbox 275 673 454 759; x_wconf 87' lang='lat' dir='ltr'>exemplum</span> <span class='ocrx_word' id='word_1_11' title='bbox 480 672 606 737; x_wconf 89' lang='lat' dir='ltr'>uidetur</span> <span class='ocrx_word' id='word_1_12' title='bbox 628 663 724 740; x_wconf 85' lang='lat' dir='ltr'>fuisse¹</span> <span class='ocrx_word' id='word_1_13' title='bbox 746 671 867 737; x_wconf 78' lang='lat' dir='ltr'>huson.</span> <span class='ocrx_word' id='word_1_14' title='bbox 893 670 1044 736; x_wconf 82' lang='lat' dir='ltr'>Mosellae</span> <span class='ocrx_word' id='word_1_15' title='bbox 1067 693 1114 738; x_wconf 89' lang='lat' dir='ltr'>us.</span> <span class='ocrx_word' id='word_1_16' title='bbox 1142 671 1225 735; x_wconf 85' lang='lat'>129:</span> 
     </span>
    </p>

    <p class='ocr_par' dir='ltr' id='par_1_3' title="bbox 273 792 1464 1248">
     <span class='ocr_line' id='line_1_4' title="bbox 352 792 1389 878; baseline -0.002 -19"><span class='ocrx_word' id='word_1_17' title='bbox 352 794 414 871; x_wconf 79' lang='lat' dir='ltr'>Qui</span> <span class='ocrx_word' id='word_1_18' title='bbox 446 795 581 859; x_wconf 79' lang='lat' dir='ltr'>necdum</span> <span class='ocrx_word' id='word_1_19' title='bbox 615 794 740 870; x_wconf 83' lang='lat' dir='ltr'>Salmo,</span> <span class='ocrx_word' id='word_1_20' title='bbox 773 816 830 860; x_wconf 84' lang='lat' dir='ltr'>nec</span> <span class='ocrx_word' id='word_1_21' title='bbox 861 794 926 858; x_wconf 91' lang='lat' dir='ltr'>iam</span> <span class='ocrx_word' id='word_1_22' title='bbox 957 792 1064 872; x_wconf 82' lang='lat' dir='ltr'>Salar,</span> <span class='ocrx_word' id='word_1_23' title='bbox 1092 793 1323 878; x_wconf 82' lang='lat' dir='ltr'>ambiguusque</span> <span class='ocrx_word' id='word_1_24' title='bbox 1347 831 1389 843; x_wconf 93' lang='lat'><em>-</em></span> 
     </span>
     <span class='ocr_line' id='line_1_5' title="bbox 276 913 1464 1006; baseline -0.006 -21"><span class='ocrx_word' id='word_1_25' title='bbox 276 921 363 1006; x_wconf 93' lang='lat' dir='ltr'>quod</span> <span class='ocrx_word' id='word_1_26' title='bbox 383 919 537 983; x_wconf 80' lang='lat' dir='ltr'>momenti</span> <span class='ocrx_word' id='word_1_27' title='bbox 555 921 604 982; x_wconf 89' lang='lat' dir='ltr'>est</span> <span class='ocrx_word' id='word_1_28' title='bbox 616 938 652 982; x_wconf 91' lang='lat' dir='ltr'>eo</span> <span class='ocrx_word' id='word_1_29' title='bbox 665 916 793 981; x_wconf 89' lang='lat' dir='ltr'>maioris</span> <span class='ocrx_word' id='word_1_30' title='bbox 804 915 879 1001; x_wconf 89' lang='lat' dir='ltr'>quia</span> <span class='ocrx_word' id='word_1_31' title='bbox 889 915 924 979; x_wconf 93' lang='lat' dir='ltr'>in</span> <span class='ocrx_word' id='word_1_32' title='bbox 937 915 1007 1001; x_wconf 87' lang='lat' dir='ltr'>ipso</span> <span class='ocrx_word' id='word_1_33' title='bbox 1019 913 1153 979; x_wconf 80' lang='lat' dir='ltr'>Mosella</span> <span class='ocrx_word' id='word_1_34' title='bbox 1164 914 1302 979; x_wconf 79' lang='lat' dir='ltr'>carmine</span> <span class='ocrx_word' id='word_1_35' title='bbox 1315 913 1464 978; x_wconf 91' lang='lat' dir='ltr'>Ouidium</span> 
     </span>
     <span class='ocr_line' id='line_1_6' title="bbox 274 1036 1463 1124; baseline -0.003 -18"><span class='ocrx_word' id='word_1_36' title='bbox 274 1045 323 1107; x_wconf 91' lang='lat' dir='ltr'>est</span> <span class='ocrx_word' id='word_1_37' title='bbox 354 1041 498 1105; x_wconf 88' lang='lat' dir='ltr'>imitatus</span> <span class='ocrx_word' id='word_1_38' title='bbox 525 1038 688 1104; x_wconf 83' lang='lat' dir='ltr'>Ausonius</span> <span class='ocrx_word' id='word_1_39' title='bbox 711 1038 895 1124; x_wconf 79' lang='lat' dir='ltr'>praecipue:</span> <span class='ocrx_word' id='word_1_40' title='bbox 917 1037 956 1103; x_wconf 88' lang='lat' dir='ltr'>cf.</span> <span class='ocrx_word' id='word_1_41' title='bbox 985 1037 1025 1102; x_wconf 82' lang='grc' dir='ltr'>Α.</span> <span class='ocrx_word' id='word_1_42' title='bbox 1050 1036 1215 1122; x_wconf 85' lang='lat' dir='ltr'>Zingerle,</span> <span class='ocrx_word' id='word_1_43' title='bbox 1241 1039 1335 1104; x_wconf 80' lang='lat' dir='ltr'>kleiae</span> <span class='ocrx_word' id='word_1_44' title='bbox 1353 1037 1463 1124; x_wconf 78' lang='lat' dir='ltr'>philol.</span> 
     </span>
     <span class='ocr_line' id='line_1_7' title="bbox 273 1159 1224 1248; baseline -0.003 -20"><span class='ocrx_word' id='word_1_45' title='bbox 273 1163 534 1248; x_wconf 80' lang='lat' dir='ltr'>Abbandlaapcn,</span> <span class='ocrx_word' id='word_1_46' title='bbox 557 1160 644 1226; x_wconf 85' lang='lat' dir='ltr'>Faso.</span> <span class='ocrx_word' id='word_1_47' title='bbox 672 1160 711 1226; x_wconf 91' lang='lat' dir='ltr'>ll.</span> <span class='ocrx_word' id='word_1_48' title='bbox 736 1159 922 1246; x_wconf 88' lang='lat' dir='ltr'>(Oenipont.</span> <span class='ocrx_word' id='word_1_49' title='bbox 948 1160 1048 1244; x_wconf 76' lang='lat'>1877)</span> <span class='ocrx_word' id='word_1_50' title='bbox 1070 1179 1145 1243; x_wconf 87' lang='lat' dir='ltr'>pag.</span> <span class='ocrx_word' id='word_1_51' title='bbox 1173 1159 1224 1225; x_wconf 88' lang='grc'>14.</span> 
     </span>
    </p>

    <p class='ocr_par' dir='ltr' id='par_1_4' title="bbox 274 1283 1465 1616">
     <span class='ocr_line' id='line_1_8' title="bbox 276 1283 702 1371; baseline -0.009 -20"><span class='ocrx_word' id='word_1_52' title='bbox 276 1284 328 1352; x_wconf 80' lang='lat' dir='ltr'>Sic</span> <span class='ocrx_word' id='word_1_53' title='bbox 351 1283 470 1371; x_wconf 84' lang='lat' dir='ltr'>Sapph.</span> <span class='ocrx_word' id='word_1_54' title='bbox 494 1307 544 1370; x_wconf 88' lang='lat' dir='ltr'>ep.</span> <span class='ocrx_word' id='word_1_55' title='bbox 569 1306 615 1348; x_wconf 89' lang='lat' dir='ltr'>us.</span> <span class='ocrx_word' id='word_1_56' title='bbox 642 1283 702 1348; x_wconf 82' lang='lat'>32:</span> 
     </span>
     <span class='ocr_line' id='line_1_9' title="bbox 503 1401 1194 1492; baseline -0.004 -20"><span class='ocrx_word' id='word_1_57' title='bbox 503 1407 637 1492; x_wconf 91' lang='lat' dir='ltr'>Ingenio</span> <span class='ocrx_word' id='word_1_58' title='bbox 659 1405 780 1470; x_wconf 89' lang='lat' dir='ltr'>formae</span> <span class='ocrx_word' id='word_1_59' title='bbox 803 1407 921 1470; x_wconf 91' lang='lat' dir='ltr'>damna</span> <span class='ocrx_word' id='word_1_60' title='bbox 943 1408 1071 1492; x_wconf 76' lang='lat' dir='ltr'>rependo</span> <span class='ocrx_word' id='word_1_61' title='bbox 1089 1426 1155 1469; x_wconf 85' lang='lat' dir='ltr'>meo</span> <span class='ocrx_word' id='word_1_62' title='bbox 1168 1401 1194 1488; x_wconf 77' lang='lat'>1)</span> 
     </span>
     <span class='ocr_line' id='line_1_10' title="bbox 274 1523 1465 1616; baseline -0.008 -19"><span class='ocrx_word' id='word_1_63' title='bbox 274 1535 474 1616; x_wconf 90' lang='lat' dir='ltr'>comparetur</span> <span class='ocrx_word' id='word_1_64' title='bbox 493 1552 565 1595; x_wconf 90' lang='lat' dir='ltr'>cum</span> <span class='ocrx_word' id='word_1_65' title='bbox 583 1527 705 1593; x_wconf 78' lang='lat' dir='ltr'>huson.</span> <span class='ocrx_word' id='word_1_66' title='bbox 722 1525 808 1594; x_wconf 89' lang='lat' dir='ltr'>Prof.</span> <span class='ocrx_word' id='word_1_67' title='bbox 833 1525 895 1592; x_wconf 91' lang='lat' dir='ltr'>III.</span> <span class='ocrx_word' id='word_1_68' title='bbox 921 1527 982 1591; x_wconf 85' lang='lat'>31:</span> <span class='ocrx_word' id='word_1_69' title='bbox 1007 1525 1117 1591; x_wconf 89' lang='lat' dir='ltr'>caduci</span> <span class='ocrx_word' id='word_1_70' title='bbox 1140 1523 1279 1613; x_wconf 90' lang='lat' dir='ltr'>corporis</span> <span class='ocrx_word' id='word_1_71' title='bbox 1302 1523 1465 1590; x_wconf 89' lang='lat' dir='ltr'>Damnum</span> 
     </span>
    </p>
   </div>
   <div class='ocr_carea' id='block_1_3' title="bbox 275 1651 549 1740">
    <p class='ocr_par' dir='ltr' id='par_1_5' title="bbox 275 1651 549 1740">
     <span class='ocr_line' id='line_1_11' title="bbox 275 1651 549 1740; baseline -0.007 -22"><span class='ocrx_word' id='word_1_72' title='bbox 275 1654 413 1740; x_wconf 88' lang='lat' dir='ltr'>repende</span> <span class='ocrx_word' id='word_1_73' title='bbox 437 1651 549 1737; x_wconf 86' lang='lat' dir='ltr'>gloria.</span> 
     </span>
    </p>
   </div>
   <div class='ocr_carea' id='block_1_4' title="bbox 276 1894 1509 3443">
    <p class='ocr_par' dir='ltr' id='par_1_6' title="bbox 276 1894 1509 3200">
     <span class='ocr_line' id='line_1_12' title="bbox 321 1894 1466 1981; baseline -0.003 -19"><span class='ocrx_word' id='word_1_74' title='bbox 321 1897 381 1962; x_wconf 90' lang='lat' dir='ltr'>His</span> <span class='ocrx_word' id='word_1_75' title='bbox 411 1898 505 1962; x_wconf 89' lang='lat' dir='ltr'>rebus</span> <span class='ocrx_word' id='word_1_76' title='bbox 528 1897 692 1981; x_wconf 88' lang='lat' dir='ltr'>perpensis</span> <span class='ocrx_word' id='word_1_77' title='bbox 715 1897 779 1962; x_wconf 87' lang='lat' dir='ltr'>iam</span> <span class='ocrx_word' id='word_1_78' title='bbox 804 1897 880 1962; x_wconf 92' lang='lat' dir='ltr'>satis</span> <span class='ocrx_word' id='word_1_79' title='bbox 904 1897 1099 1961; x_wconf 88' lang='lat' dir='ltr'>confidenter</span> <span class='ocrx_word' id='word_1_80' title='bbox 1121 1917 1287 1981; x_wconf 86' lang='lat' dir='ltr'>possumus</span> <span class='ocrx_word' id='word_1_81' title='bbox 1310 1894 1466 1960; x_wconf 90' lang='lat' dir='ltr'>affirmare</span> 
     </span>
     <span class='ocr_line' id='line_1_13' title="bbox 277 2017 1466 2104; baseline -0.003 -19"><span class='ocrx_word' id='word_1_82' title='bbox 277 2042 346 2085; x_wconf 89' lang='lat' dir='ltr'>eam</span> <span class='ocrx_word' id='word_1_83' title='bbox 376 2019 544 2104; x_wconf 81' lang='lat' dir='ltr'>epistulam</span> <span class='ocrx_word' id='word_1_84' title='bbox 575 2018 722 2104; x_wconf 81' lang='lat' dir='ltr'>Sapphus</span> <span class='ocrx_word' id='word_1_85' title='bbox 753 2041 850 2104; x_wconf 89' lang='lat' dir='ltr'>quam</span> <span class='ocrx_word' id='word_1_86' title='bbox 882 2041 970 2084; x_wconf 90' lang='lat' dir='ltr'>nune</span> <span class='ocrx_word' id='word_1_87' title='bbox 999 2019 1188 2096; x_wconf 86' lang='lat' dir='ltr'>habeamus,</span> <span class='ocrx_word' id='word_1_88' title='bbox 1220 2039 1299 2083; x_wconf 87' lang='lat' dir='ltr'>saec.</span> <span class='ocrx_word' id='word_1_89' title='bbox 1325 2017 1369 2083; x_wconf 92' lang='lat' dir='ltr'>IV</span> <span class='ocrx_word' id='word_1_90' title='bbox 1392 2019 1466 2082; x_wconf 90' lang='lat' dir='ltr'>eta</span> 
     </span>
     <span class='ocr_line' id='line_1_14' title="bbox 277 2139 1464 2208; baseline -0.003 -2"><span class='ocrx_word' id='word_1_91' title='bbox 277 2141 380 2206; x_wconf 86' lang='lat' dir='ltr'>Mario</span> <span class='ocrx_word' id='word_1_92' title='bbox 403 2141 508 2206; x_wconf 87' lang='lat' dir='ltr'>Plotio</span> <span class='ocrx_word' id='word_1_93' title='bbox 531 2140 600 2208; x_wconf 79' lang='lat' dir='ltr'>sae.</span> <span class='ocrx_word' id='word_1_94' title='bbox 626 2144 658 2205; x_wconf 90' lang='lat' dir='ltr'>et</span> <span class='ocrx_word' id='word_1_95' title='bbox 682 2141 723 2205; x_wconf 94' lang='lat' dir='ltr'>ab</span> <span class='ocrx_word' id='word_1_96' title='bbox 746 2141 890 2205; x_wconf 85' lang='lat' dir='ltr'>Ausonio</span> <span class='ocrx_word' id='word_1_97' title='bbox 913 2144 951 2205; x_wconf 89' lang='lat' dir='ltr'>ut</span> <span class='ocrx_word' id='word_1_98' title='bbox 970 2140 1077 2206; x_wconf 87' lang='lat' dir='ltr'>Ouidii</span> <span class='ocrx_word' id='word_1_99' title='bbox 1092 2161 1219 2204; x_wconf 90' lang='lat' dir='ltr'>carmen</span> <span class='ocrx_word' id='word_1_100' title='bbox 1231 2139 1329 2204; x_wconf 88' lang='lat' dir='ltr'>fuisse</span> <span class='ocrx_word' id='word_1_101' title='bbox 1340 2140 1464 2204; x_wconf 88' lang='lat' dir='ltr'>lectam.</span> 
     </span>
     <span class='ocr_line' id='line_1_15' title="bbox 277 2261 1465 2348; baseline -0.002 -20"><span class='ocrx_word' id='word_1_102' title='bbox 277 2262 420 2328; x_wconf 86' lang='lat' dir='ltr'>Vlterius</span> <span class='ocrx_word' id='word_1_103' title='bbox 445 2285 519 2328; x_wconf 89' lang='lat' dir='ltr'>uero</span> <span class='ocrx_word' id='word_1_104' title='bbox 543 2263 639 2328; x_wconf 89' lang='lat' dir='ltr'>etiam</span> <span class='ocrx_word' id='word_1_105' title='bbox 658 2263 733 2327; x_wconf 93' lang='lat' dir='ltr'>licet</span> <span class='ocrx_word' id='word_1_106' title='bbox 751 2263 910 2348; x_wconf 90' lang='lat' dir='ltr'>progredi.</span> <span class='ocrx_word' id='word_1_107' title='bbox 934 2261 1160 2327; x_wconf 88' lang='lat' dir='ltr'>Demonstrare</span> <span class='ocrx_word' id='word_1_108' title='bbox 1178 2263 1264 2327; x_wconf 91' lang='lat' dir='ltr'>enim</span> <span class='ocrx_word' id='word_1_109' title='bbox 1283 2283 1375 2348; x_wconf 92' lang='lat' dir='ltr'>posse</span> <span class='ocrx_word' id='word_1_110' title='bbox 1386 2262 1465 2326; x_wconf 94' lang='lat' dir='ltr'>mihi</span> 
     </span>
     <span class='ocr_line' id='line_1_16' title="bbox 277 2383 1466 2450; baseline 0 -2"><span class='ocrx_word' id='word_1_111' title='bbox 277 2385 388 2449; x_wconf 91' lang='lat' dir='ltr'>uideor</span> <span class='ocrx_word' id='word_1_112' title='bbox 406 2385 494 2450; x_wconf 92' lang='lat' dir='ltr'>illam</span> <span class='ocrx_word' id='word_1_113' title='bbox 515 2385 672 2450; x_wconf 85' lang='lat' dir='ltr'>exstitisse</span> <span class='ocrx_word' id='word_1_114' title='bbox 689 2384 752 2448; x_wconf 89' lang='lat' dir='ltr'>iam</span> <span class='ocrx_word' id='word_1_115' title='bbox 765 2387 840 2448; x_wconf 88' lang='lat' dir='ltr'>ante</span> <span class='ocrx_word' id='word_1_116' title='bbox 851 2383 989 2449; x_wconf 87' lang='lat' dir='ltr'>Neronis</span> <span class='ocrx_word' id='word_1_117' title='bbox 1001 2387 1146 2449; x_wconf 83' lang='lat' dir='ltr'>aetatem.</span> <span class='ocrx_word' id='word_1_118' title='bbox 1159 2383 1305 2449; x_wconf 82' lang='lat' dir='ltr'>Efficitur</span> <span class='ocrx_word' id='word_1_119' title='bbox 1316 2384 1349 2449; x_wconf 97' lang='lat' dir='ltr'>id</span> <span class='ocrx_word' id='word_1_120' title='bbox 1361 2407 1378 2449; x_wconf 90' lang='lat' dir='ltr'>e</span> <span class='ocrx_word' id='word_1_121' title='bbox 1390 2384 1466 2450; x_wconf 91' lang='lat' dir='ltr'>locis</span> 
     </span>
     <span class='ocr_line' id='line_1_17' title="bbox 276 2504 1466 2590; baseline -0.002 -18"><span class='ocrx_word' id='word_1_122' title='bbox 276 2507 353 2573; x_wconf 89' lang='lat' dir='ltr'>satis</span> <span class='ocrx_word' id='word_1_123' title='bbox 373 2507 481 2572; x_wconf 91' lang='lat' dir='ltr'>multis</span> <span class='ocrx_word' id='word_1_124' title='bbox 493 2507 548 2571; x_wconf 92' lang='lat' dir='ltr'>ubi</span> <span class='ocrx_word' id='word_1_125' title='bbox 560 2508 595 2570; x_wconf 91' lang='lat' dir='ltr'>in</span> <span class='ocrx_word' id='word_1_126' title='bbox 607 2529 700 2571; x_wconf 91' lang='lat' dir='ltr'>usum</span> <span class='ocrx_word' id='word_1_127' title='bbox 712 2529 804 2571; x_wconf 90' lang='lat' dir='ltr'>suum</span> <span class='ocrx_word' id='word_1_128' title='bbox 815 2505 905 2569; x_wconf 89' lang='lat' dir='ltr'>illam</span> <span class='ocrx_word' id='word_1_129' title='bbox 917 2506 1076 2571; x_wconf 89' lang='lat' dir='ltr'>conuertit</span> <span class='ocrx_word' id='word_1_130' title='bbox 1087 2506 1222 2590; x_wconf 72' lang='lat' dir='ltr'>scriptor</span> <span class='ocrx_word' id='word_1_131' title='bbox 1233 2504 1466 2571; x_wconf 78' lang='lat' dir='ltr'>Consolationis</span> 
     </span>
     <span class='ocr_line' id='line_1_18' title="bbox 276 2626 1466 2713; baseline -0.002 -21"><span class='ocrx_word' id='word_1_132' title='bbox 276 2629 315 2692; x_wconf 91' lang='lat' dir='ltr'>ad</span> <span class='ocrx_word' id='word_1_133' title='bbox 333 2628 467 2695; x_wconf 91' lang='lat' dir='ltr'>Liuiam.</span> <span class='ocrx_word' id='word_1_134' title='bbox 489 2627 576 2704; x_wconf 81' lang='lat' dir='ltr'>Quae</span> <span class='ocrx_word' id='word_1_135' title='bbox 594 2626 777 2693; x_wconf 75' lang='lat' dir='ltr'>Consolatio</span> <span class='ocrx_word' id='word_1_136' title='bbox 797 2649 860 2713; x_wconf 92' lang='lat' dir='ltr'>quo</span> <span class='ocrx_word' id='word_1_137' title='bbox 880 2632 1022 2712; x_wconf 92' lang='lat' dir='ltr'>tempore</span> <span class='ocrx_word' id='word_1_138' title='bbox 1042 2628 1084 2692; x_wconf 91' lang='lat' dir='ltr'>sit</span> <span class='ocrx_word' id='word_1_139' title='bbox 1100 2628 1218 2711; x_wconf 88' lang='lat' dir='ltr'>scripta</span> <span class='ocrx_word' id='word_1_140' title='bbox 1234 2629 1378 2692; x_wconf 87' lang='lat' dir='ltr'>accurate</span> <span class='ocrx_word' id='word_1_141' title='bbox 1391 2626 1466 2690; x_wconf 85' lang='lat' dir='ltr'>defi·</span> 
     </span>
     <span class='ocr_line' id='line_1_19' title="bbox 277 2745 1464 2836; baseline -0.003 -22"><span class='ocrx_word' id='word_1_142' title='bbox 277 2750 346 2815; x_wconf 89' lang='lat' dir='ltr'>nire</span> <span class='ocrx_word' id='word_1_143' title='bbox 365 2750 549 2836; x_wconf 88' lang='lat' dir='ltr'>perdifficile</span> <span class='ocrx_word' id='word_1_144' title='bbox 569 2772 672 2835; x_wconf 89' lang='lat' dir='ltr'>neque</span> <span class='ocrx_word' id='word_1_145' title='bbox 691 2750 785 2815; x_wconf 90' lang='lat' dir='ltr'>huius</span> <span class='ocrx_word' id='word_1_146' title='bbox 804 2749 866 2815; x_wconf 90' lang='lat' dir='ltr'>loci</span> <span class='ocrx_word' id='word_1_147' title='bbox 888 2751 954 2826; x_wconf 89' lang='lat' dir='ltr'>est;</span> <span class='ocrx_word' id='word_1_148' title='bbox 976 2750 1030 2814; x_wconf 84' lang='lat' dir='ltr'>sed</span> <span class='ocrx_word' id='word_1_149' title='bbox 1048 2754 1122 2835; x_wconf 92' lang='lat' dir='ltr'>post</span> <span class='ocrx_word' id='word_1_150' title='bbox 1140 2751 1303 2814; x_wconf 88' lang='lat' dir='ltr'>accuratas</span> <span class='ocrx_word' id='word_1_151' title='bbox 1314 2746 1425 2812; x_wconf 81' lang='lat' dir='ltr'>Adleri</span> <span class='ocrx_word' id='word_1_152' title='bbox 1438 2745 1464 2832; x_wconf 76' lang='lat'>⁹)</span> 
     </span>
     <span class='ocr_line' id='line_1_20' title="bbox 277 2869 1466 2957; baseline -0.002 -22"><span class='ocrx_word' id='word_1_153' title='bbox 277 2869 450 2956; x_wconf 69' lang='lat' dir='ltr'>Crnppii’)</span> <span class='ocrx_word' id='word_1_154' title='bbox 488 2870 713 2957; x_wconf 71' lang='lat' dir='ltr'>Baehrensii⁴)</span> <span class='ocrx_word' id='word_1_155' title='bbox 742 2872 876 2938; x_wconf 91' lang='lat' dir='ltr'>aliorum</span> <span class='ocrx_word' id='word_1_156' title='bbox 908 2870 1143 2954; x_wconf 86' lang='lat' dir='ltr'>disquisitiones</span> <span class='ocrx_word' id='word_1_157' title='bbox 1169 2869 1287 2934; x_wconf 89' lang='lat' dir='ltr'>nimiae</span> <span class='ocrx_word' id='word_1_158' title='bbox 1317 2870 1466 2935; x_wconf 89' lang='lat' dir='ltr'>audaciae</span> 
     </span>
     <span class='ocr_line' id='line_1_21' title="bbox 276 2964 1509 3076; baseline 0.002 -22"><span class='ocrx_word' id='word_1_159' title='bbox 276 2991 470 3055; x_wconf 88' lang='lat' dir='ltr'>incusandus</span> <span class='ocrx_word' id='word_1_160' title='bbox 493 2994 576 3055; x_wconf 89' lang='lat' dir='ltr'>certe</span> <span class='ocrx_word' id='word_1_161' title='bbox 597 3012 663 3055; x_wconf 90' lang='lat' dir='ltr'>non</span> <span class='ocrx_word' id='word_1_162' title='bbox 688 3011 757 3076; x_wconf 87' lang='lat' dir='ltr'>ero,</span> <span class='ocrx_word' id='word_1_163' title='bbox 783 2992 811 3056; x_wconf 89' lang='lat' dir='ltr'>si</span> <span class='ocrx_word' id='word_1_164' title='bbox 834 2995 908 3056; x_wconf 89' lang='lat' dir='ltr'>ante</span> <span class='ocrx_word' id='word_1_165' title='bbox 932 2991 1069 3057; x_wconf 89' lang='lat' dir='ltr'>Neronis</span> <span class='ocrx_word' id='word_1_166' title='bbox 1089 2991 1200 3056; x_wconf 89' lang='lat' dir='ltr'>saltem</span> <span class='ocrx_word' id='word_1_167' title='bbox 1221 2994 1355 3056; x_wconf 90' lang='lat' dir='ltr'>aetatem</span> <span class='ocrx_word' id='word_1_168' title='bbox 1368 2991 1465 3056; x_wconf 88' lang='lat' dir='ltr'>fuisse</span> <span class='ocrx_word' id='word_1_169' title='bbox 1506 2964 1509 2969; x_wconf 96' lang='lat'>.</span> 
     </span>
     <span class='ocr_line' id='line_1_22' title="bbox 276 3112 843 3200; baseline 0 -23"><span class='ocrx_word' id='word_1_170' title='bbox 276 3134 345 3177; x_wconf 91' lang='lat' dir='ltr'>eam</span> <span class='ocrx_word' id='word_1_171' title='bbox 368 3112 581 3197; x_wconf 87' lang='lat' dir='ltr'>conscriptam</span> <span class='ocrx_word' id='word_1_172' title='bbox 600 3113 793 3177; x_wconf 87' lang='lat' dir='ltr'>contendero</span> <span class='ocrx_word' id='word_1_173' title='bbox 805 3114 843 3200; x_wconf 83' lang='lat'>⁵).</span> 
     </span>
    </p>

    <p class='ocr_par' dir='ltr' id='par_1_7' title="bbox 277 3232 1468 3443">
     <span class='ocr_line' id='line_1_23' title="bbox 322 3232 1468 3319; baseline 0.002 -21"><span class='ocrx_word' id='word_1_174' title='bbox 322 3233 362 3298; x_wconf 95' lang='lat' dir='ltr'>In</span> <span class='ocrx_word' id='word_1_175' title='bbox 391 3234 448 3298; x_wconf 89' lang='lat' dir='ltr'>illa</span> <span class='ocrx_word' id='word_1_176' title='bbox 479 3237 585 3298; x_wconf 88' lang='lat' dir='ltr'>autem</span> <span class='ocrx_word' id='word_1_177' title='bbox 616 3232 842 3300; x_wconf 75' lang='lat' dir='ltr'>Consolatione</span> <span class='ocrx_word' id='word_1_178' title='bbox 872 3237 912 3299; x_wconf 88' lang='lat' dir='ltr'>ad</span> <span class='ocrx_word' id='word_1_179' title='bbox 937 3235 1060 3300; x_wconf 85' lang='lat' dir='ltr'>Liuiam</span> <span class='ocrx_word' id='word_1_180' title='bbox 1083 3235 1261 3319; x_wconf 87' lang='lat' dir='ltr'>complures</span> <span class='ocrx_word' id='word_1_181' title='bbox 1285 3259 1394 3302; x_wconf 89' lang='lat' dir='ltr'>uersus</span> <span class='ocrx_word' id='word_1_182' title='bbox 1418 3239 1468 3301; x_wconf 92' lang='lat' dir='ltr'>tot</span> 
     </span>
     <span class='ocr_line' id='line_1_24' title="bbox 277 3355 1467 3443; baseline 0.003 -25"><span class='ocrx_word' id='word_1_183' title='bbox 277 3358 309 3419; x_wconf 88' lang='lat' dir='ltr'>et</span> <span class='ocrx_word' id='word_1_184' title='bbox 340 3357 448 3419; x_wconf 89' lang='lat' dir='ltr'>tantas</span> <span class='ocrx_word' id='word_1_185' title='bbox 481 3355 603 3420; x_wconf 89' lang='lat' dir='ltr'>habent</span> <span class='ocrx_word' id='word_1_186' title='bbox 630 3356 853 3421; x_wconf 89' lang='lat' dir='ltr'>similitudines</span> <span class='ocrx_word' id='word_1_187' title='bbox 876 3378 947 3422; x_wconf 91' lang='lat' dir='ltr'>cum</span> <span class='ocrx_word' id='word_1_188' title='bbox 972 3357 1099 3443; x_wconf 75' lang='lat' dir='ltr'>Sapph:</span> <span class='ocrx_word' id='word_1_189' title='bbox 1116 3380 1185 3443; x_wconf 90' lang='lat' dir='ltr'>ep.,</span> <span class='ocrx_word' id='word_1_190' title='bbox 1209 3362 1246 3423; x_wconf 90' lang='lat' dir='ltr'>ut</span> <span class='ocrx_word' id='word_1_191' title='bbox 1270 3362 1308 3422; x_wconf 94' lang='lat' dir='ltr'>de</span> <span class='ocrx_word' id='word_1_192' title='bbox 1331 3357 1467 3426; x_wconf 86' lang='lat' dir='ltr'>fortuito</span> 
     </span>
    </p>
   </div>
   <div class='ocr_carea' id='block_1_5' title="bbox 275 3576 1470 4466">
    <p class='ocr_par' dir='ltr' id='par_1_8' title="bbox 311 3576 724 3643">
     <span class='ocr_line' id='line_1_25' title="bbox 311 3576 724 3643; baseline 0.007 -19"><span class='ocrx_word' id='word_1_193' title='bbox 311 3577 337 3640; x_wconf 90' lang='lat'>1)</span> <span class='ocrx_word' id='word_1_194' title='bbox 355 3576 418 3625; x_wconf 88' lang='lat' dir='ltr'>Vide</span> <span class='ocrx_word' id='word_1_195' title='bbox 434 3577 598 3627; x_wconf 89' lang='lat' dir='ltr'>commentarii</span> <span class='ocrx_word' id='word_1_196' title='bbox 615 3594 668 3643; x_wconf 80' lang='lat' dir='ltr'>pag.</span> <span class='ocrx_word' id='word_1_197' title='bbox 686 3579 724 3627; x_wconf 81' lang='lat'>50.</span> 
     </span>
    </p>

    <p class='ocr_par' dir='ltr' id='par_1_9' title="bbox 310 3657 1194 3724">
     <span class='ocr_line' id='line_1_26' title="bbox 310 3657 1194 3724; baseline 0.002 -16"><span class='ocrx_word' id='word_1_198' title='bbox 310 3659 338 3723; x_wconf 79' lang='lat'>2)</span> <span class='ocrx_word' id='word_1_199' title='bbox 356 3659 391 3706; x_wconf 89' lang='lat' dir='ltr'>Da</span> <span class='ocrx_word' id='word_1_200' title='bbox 409 3657 492 3707; x_wconf 87' lang='lat' dir='ltr'>Ouidii</span> <span class='ocrx_word' id='word_1_201' title='bbox 509 3659 604 3708; x_wconf 88' lang='lat' dir='ltr'>Consol.</span> <span class='ocrx_word' id='word_1_202' title='bbox 623 3660 652 3708; x_wconf 89' lang='lat' dir='ltr'>ad</span> <span class='ocrx_word' id='word_1_203' title='bbox 669 3659 770 3709; x_wconf 83' lang='lat' dir='ltr'>Liuiam.</span> <span class='ocrx_word' id='word_1_204' title='bbox 791 3659 873 3723; x_wconf 86' lang='lat' dir='ltr'>Progr.</span> <span class='ocrx_word' id='word_1_205' title='bbox 892 3661 976 3724; x_wconf 83' lang='lat' dir='ltr'>Gymn.</span> <span class='ocrx_word' id='word_1_206' title='bbox 996 3660 1103 3710; x_wconf 79' lang='lat' dir='ltr'>Anolam.</span> <span class='ocrx_word' id='word_1_207' title='bbox 1122 3662 1194 3710; x_wconf 79' lang='lat'>1851.</span> 
     </span>
    </p>

    <p class='ocr_par' dir='ltr' id='par_1_10' title="bbox 311 3741 642 3807">
     <span class='ocr_line' id='line_1_27' title="bbox 311 3741 642 3807; baseline 0.003 -17"><span class='ocrx_word' id='word_1_208' title='bbox 311 3742 338 3805; x_wconf 87' lang='grc'>8)</span> <span class='ocrx_word' id='word_1_209' title='bbox 357 3741 388 3790; x_wconf 91' lang='lat' dir='ltr'>In</span> <span class='ocrx_word' id='word_1_210' title='bbox 405 3742 482 3790; x_wconf 81' lang='lat' dir='ltr'>Aeaco</span> <span class='ocrx_word' id='word_1_211' title='bbox 499 3758 523 3807; x_wconf 91' lang='lat' dir='ltr'>p.</span> <span class='ocrx_word' id='word_1_212' title='bbox 542 3743 589 3792; x_wconf 81' lang='lat'>159</span> <span class='ocrx_word' id='word_1_213' title='bbox 607 3758 642 3807; x_wconf 92' lang='lat' dir='ltr'>sq.</span> 
     </span>
    </p>

    <p class='ocr_par' dir='ltr' id='par_1_11' title="bbox 309 3820 771 3890">
     <span class='ocr_line' id='line_1_28' title="bbox 309 3820 771 3890; baseline 0.004 -18"><span class='ocrx_word' id='word_1_214' title='bbox 309 3822 338 3889; x_wconf 77' lang='lat'>4)</span> <span class='ocrx_word' id='word_1_215' title='bbox 356 3823 423 3872; x_wconf 87' lang='lat' dir='ltr'>Poet.</span> <span class='ocrx_word' id='word_1_216' title='bbox 441 3824 492 3872; x_wconf 86' lang='lat' dir='ltr'>Lat.</span> <span class='ocrx_word' id='word_1_217' title='bbox 506 3820 581 3890; x_wconf 55' lang='lat' dir='ltr'>Min]</span> <span class='ocrx_word' id='word_1_218' title='bbox 593 3825 613 3872; x_wconf 96' lang='grc' dir='ltr'>Ι.</span> <span class='ocrx_word' id='word_1_219' title='bbox 631 3841 654 3889; x_wconf 91' lang='lat' dir='ltr'>p.</span> <span class='ocrx_word' id='word_1_220' title='bbox 673 3825 705 3874; x_wconf 82' lang='grc'>96</span> <span class='ocrx_word' id='word_1_221' title='bbox 722 3840 771 3888; x_wconf 88' lang='lat' dir='ltr'>sqq.</span> 
     </span>
    </p>

    <p class='ocr_par' dir='ltr' id='par_1_12' title="bbox 275 3905 1470 4466">
     <span class='ocr_line' id='line_1_29' title="bbox 311 3905 1468 3975; baseline 0.006 -22"><span class='ocrx_word' id='word_1_222' title='bbox 311 3907 338 3970; x_wconf 80' lang='lat'>5)</span> <span class='ocrx_word' id='word_1_223' title='bbox 356 3905 434 3954; x_wconf 84' lang='lat' dir='ltr'>Aliter</span> <span class='ocrx_word' id='word_1_224' title='bbox 452 3905 542 3955; x_wconf 87' lang='lat' dir='ltr'>iudicat</span> <span class='ocrx_word' id='word_1_225' title='bbox 559 3909 612 3970; x_wconf 84' lang='lat' dir='ltr'>post</span> <span class='ocrx_word' id='word_1_226' title='bbox 630 3906 766 3972; x_wconf 87' lang='lat' dir='ltr'>Hauptium</span> <span class='ocrx_word' id='word_1_227' title='bbox 785 3906 827 3971; x_wconf 90' lang='lat'>(—</span> <span class='ocrx_word' id='word_1_228' title='bbox 838 3906 903 3966; x_wconf 79' lang='lat' dir='ltr'>hlpio.</span> <span class='ocrx_word' id='word_1_229' title='bbox 921 3909 992 3956; x_wconf 87' lang='lat' dir='ltr'>Drns.</span> <span class='ocrx_word' id='word_1_230' title='bbox 1011 3924 1065 3958; x_wconf 88' lang='lat' dir='ltr'>cum</span> <span class='ocrx_word' id='word_1_231' title='bbox 1082 3925 1166 3959; x_wconf 87' lang='lat' dir='ltr'>comm.</span> <span class='ocrx_word' id='word_1_232' title='bbox 1182 3911 1268 3975; x_wconf 85' lang='lat' dir='ltr'>Progr.</span> <span class='ocrx_word' id='word_1_233' title='bbox 1285 3911 1392 3960; x_wconf 83' lang='lat' dir='ltr'>Vniuers.</span> <span class='ocrx_word' id='word_1_234' title='bbox 1403 3910 1468 3975; x_wconf 80' lang='lat' dir='ltr'>lips.</span> 
     </span>
     <span class='ocr_line' id='line_1_30' title="bbox 277 3987 1468 4054; baseline 0.004 -17"><span class='ocrx_word' id='word_1_235' title='bbox 277 3989 342 4038; x_wconf 77' lang='grc'><strong>1848</strong></span> <span class='ocrx_word' id='word_1_236' title='bbox 361 4016 393 4026; x_wconf 98' lang='grc'>-</span> <span class='ocrx_word' id='word_1_237' title='bbox 411 3987 464 4037; x_wconf 91' lang='lat' dir='ltr'>uiro</span> <span class='ocrx_word' id='word_1_238' title='bbox 486 3988 579 4037; x_wconf 89' lang='lat' dir='ltr'>cuidam</span> <span class='ocrx_word' id='word_1_239' title='bbox 597 3989 666 4038; x_wconf 90' lang='lat' dir='ltr'>docto</span> <span class='ocrx_word' id='word_1_240' title='bbox 683 4005 739 4038; x_wconf 88' lang='lat' dir='ltr'>saec.</span> <span class='ocrx_word' id='word_1_241' title='bbox 760 3990 803 4037; x_wconf 85' lang='lat' dir='ltr'>XV</span> <span class='ocrx_word' id='word_1_242' title='bbox 821 4004 905 4054; x_wconf 89' lang='lat' dir='ltr'>poema</span> <span class='ocrx_word' id='word_1_243' title='bbox 922 3989 1103 4053; x_wconf 85' lang='lat' dir='ltr'>adscribentem)</span> <span class='ocrx_word' id='word_1_244' title='bbox 1123 3991 1249 4052; x_wconf 86' lang='lat' dir='ltr'>Hucbnar,</span> <span class='ocrx_word' id='word_1_245' title='bbox 1269 3993 1374 4042; x_wconf 85' lang='lat' dir='ltr'>Hermae</span> <span class='ocrx_word' id='word_1_246' title='bbox 1392 3993 1468 4042; x_wconf 85' lang='lat' dir='ltr'>XIII.</span> 
     </span>
     <span class='ocr_line' id='line_1_31' title="bbox 277 4070 1469 4139; baseline 0 -18"><span class='ocrx_word' id='word_1_247' title='bbox 277 4070 350 4122; x_wconf 78' lang='grc'><strong>1878.</strong></span> <span class='ocrx_word' id='word_1_248' title='bbox 377 4087 401 4136; x_wconf 90' lang='lat' dir='ltr'>p.</span> <span class='ocrx_word' id='word_1_249' title='bbox 428 4071 476 4120; x_wconf 77' lang='lat'>145</span> <span class='ocrx_word' id='word_1_250' title='bbox 493 4086 551 4134; x_wconf 85' lang='lat' dir='ltr'>sqq,</span> <span class='ocrx_word' id='word_1_251' title='bbox 571 4070 612 4134; x_wconf 92' lang='lat' dir='ltr'>qui</span> <span class='ocrx_word' id='word_1_252' title='bbox 629 4074 699 4136; x_wconf 88' lang='lat' dir='ltr'>putat</span> <span class='ocrx_word' id='word_1_253' title='bbox 717 4071 909 4121; x_wconf 84' lang='lat' dir='ltr'>Consolationem</span> <span class='ocrx_word' id='word_1_254' title='bbox 926 4087 975 4120; x_wconf 87' lang='lat' dir='ltr'>essa</span> <span class='ocrx_word' id='word_1_255' title='bbox 993 4073 1106 4138; x_wconf 86' lang='lat' dir='ltr'>scriptam</span> <span class='ocrx_word' id='word_1_256' title='bbox 1123 4089 1181 4123; x_wconf 86' lang='lat' dir='ltr'>saec.</span> <span class='ocrx_word' id='word_1_257' title='bbox 1200 4090 1223 4139; x_wconf 91' lang='lat' dir='ltr'>p.</span> <span class='ocrx_word' id='word_1_258' title='bbox 1243 4075 1300 4124; x_wconf 87' lang='lat' dir='ltr'>Chr.</span> <span class='ocrx_word' id='word_1_259' title='bbox 1318 4091 1340 4124; x_wconf 92' lang='lat' dir='ltr'>n.</span> <span class='ocrx_word' id='word_1_260' title='bbox 1359 4074 1469 4124; x_wconf 73' lang='lat' dir='ltr'>aecundo.</span> 
     </span>
     <span class='ocr_line' id='line_1_32' title="bbox 277 4152 1470 4222; baseline 0.003 -20"><span class='ocrx_word' id='word_1_261' title='bbox 277 4152 317 4216; x_wconf 86' lang='lat' dir='ltr'>(of.</span> <span class='ocrx_word' id='word_1_262' title='bbox 348 4153 490 4212; x_wconf 86' lang='lat' dir='ltr'>Buecheler,</span> <span class='ocrx_word' id='word_1_263' title='bbox 514 4153 689 4217; x_wconf 79' lang='lat' dir='ltr'>Philolopiscde</span> <span class='ocrx_word' id='word_1_264' title='bbox 711 4154 807 4206; x_wconf 82' lang='lat' dir='ltr'>Kritik.</span> <span class='ocrx_word' id='word_1_265' title='bbox 827 4155 937 4214; x_wconf 85' lang='lat' dir='ltr'>Bounae,</span> <span class='ocrx_word' id='word_1_266' title='bbox 957 4155 1030 4208; x_wconf 85' lang='grc'><strong>1878.</strong></span> <span class='ocrx_word' id='word_1_267' title='bbox 1056 4172 1079 4221; x_wconf 90' lang='lat' dir='ltr'>p.</span> <span class='ocrx_word' id='word_1_268' title='bbox 1107 4157 1159 4222; x_wconf 84' lang='lat'>22).</span> <span class='ocrx_word' id='word_1_269' title='bbox 1177 4158 1222 4206; x_wconf 88' lang='lat' dir='ltr'>Scd</span> <span class='ocrx_word' id='word_1_270' title='bbox 1241 4158 1328 4207; x_wconf 84' lang='lat' dir='ltr'>uixisse</span> <span class='ocrx_word' id='word_1_271' title='bbox 1345 4158 1394 4207; x_wconf 86' lang='lat' dir='ltr'>eim</span> <span class='ocrx_word' id='word_1_272' title='bbox 1411 4157 1470 4206; x_wconf 87' lang='lat' dir='ltr'>scri·</span> 
     </span>
     <span class='ocr_line' id='line_1_33' title="bbox 275 4235 1470 4304; baseline 0.005 -20"><span class='ocrx_word' id='word_1_273' title='bbox 275 4238 369 4300; x_wconf 87' lang='lat' dir='ltr'>pteram</span> <span class='ocrx_word' id='word_1_274' title='bbox 395 4244 449 4283; x_wconf 87' lang='lat' dir='ltr'>autc</span> <span class='ocrx_word' id='word_1_275' title='bbox 475 4237 587 4285; x_wconf 84' lang='lat' dir='ltr'>Senecam</span> <span class='ocrx_word' id='word_1_276' title='bbox 612 4235 729 4300; x_wconf 87' lang='lat' dir='ltr'>persuasit</span> <span class='ocrx_word' id='word_1_277' title='bbox 747 4236 806 4285; x_wconf 92' lang='lat' dir='ltr'>mihi</span> <span class='ocrx_word' id='word_1_278' title='bbox 824 4237 909 4295; x_wconf 82' lang='lat' dir='ltr'>Adlar,</span> <span class='ocrx_word' id='word_1_279' title='bbox 928 4237 962 4286; x_wconf 93' lang='lat' dir='ltr'>l.l.</span> <span class='ocrx_word' id='word_1_280' title='bbox 980 4254 1003 4303; x_wconf 91' lang='lat' dir='ltr'>p.</span> <span class='ocrx_word' id='word_1_281' title='bbox 1022 4238 1053 4286; x_wconf 84' lang='grc'>18</span> <span class='ocrx_word' id='word_1_282' title='bbox 1070 4254 1119 4302; x_wconf 86' lang='lat' dir='ltr'>sqq.</span> <span class='ocrx_word' id='word_1_283' title='bbox 1139 4239 1247 4288; x_wconf 88' lang='lat' dir='ltr'>Statium</span> <span class='ocrx_word' id='word_1_284' title='bbox 1263 4256 1359 4304; x_wconf 85' lang='lat' dir='ltr'>quoque</span> <span class='ocrx_word' id='word_1_285' title='bbox 1375 4255 1403 4289; x_wconf 84' lang='lat' dir='ltr'>aa</span> <span class='ocrx_word' id='word_1_286' title='bbox 1419 4255 1470 4290; x_wconf 87' lang='lat' dir='ltr'>essa</span> 
     </span>
     <span class='ocr_line' id='line_1_34' title="bbox 276 4317 1468 4385; baseline 0.005 -19"><span class='ocrx_word' id='word_1_287' title='bbox 276 4332 346 4366; x_wconf 84' lang='lat' dir='ltr'>usum</span> <span class='ocrx_word' id='word_1_288' title='bbox 371 4317 452 4367; x_wconf 86' lang='lat' dir='ltr'>docuit</span> <span class='ocrx_word' id='word_1_289' title='bbox 468 4319 496 4366; x_wconf 83' lang='lat' dir='ltr'>G.</span> <span class='ocrx_word' id='word_1_290' title='bbox 516 4317 609 4374; x_wconf 81' lang='lat' dir='ltr'>huehr,</span> <span class='ocrx_word' id='word_1_291' title='bbox 627 4319 655 4367; x_wconf 91' lang='lat' dir='ltr'>da</span> <span class='ocrx_word' id='word_1_292' title='bbox 673 4317 750 4366; x_wconf 88' lang='lat' dir='ltr'>Statio</span> <span class='ocrx_word' id='word_1_293' title='bbox 766 4317 792 4367; x_wconf 92' lang='lat' dir='ltr'>in</span> <span class='ocrx_word' id='word_1_294' title='bbox 811 4317 885 4370; x_wconf 85' lang='lat' dir='ltr'>Siluia</span> <span class='ocrx_word' id='word_1_295' title='bbox 901 4319 1010 4384; x_wconf 87' lang='lat' dir='ltr'>priorum</span> <span class='ocrx_word' id='word_1_296' title='bbox 1026 4324 1152 4385; x_wconf 88' lang='lat' dir='ltr'>poetarum</span> <span class='ocrx_word' id='word_1_297' title='bbox 1169 4323 1238 4371; x_wconf 83' lang='lat' dir='ltr'>Item.</span> <span class='ocrx_word' id='word_1_298' title='bbox 1255 4322 1378 4371; x_wconf 85' lang='lat' dir='ltr'>imitatore</span> <span class='ocrx_word' id='word_1_299' title='bbox 1395 4323 1468 4383; x_wconf 83' lang='lat' dir='ltr'>(Dias.</span> 
     </span>
     <span class='ocr_line' id='line_1_35' title="bbox 275 4398 705 4466; baseline 0.005 -19"><span class='ocrx_word' id='word_1_300' title='bbox 275 4398 354 4462; x_wconf 86' lang='lat' dir='ltr'>inaug.</span> <span class='ocrx_word' id='word_1_301' title='bbox 373 4399 511 4464; x_wconf 84' lang='lat' dir='ltr'>Regimont.</span> <span class='ocrx_word' id='word_1_302' title='bbox 528 4401 606 4466; x_wconf 88' lang='grc'><strong>1880)</strong></span> <span class='ocrx_word' id='word_1_303' title='bbox 625 4417 647 4466; x_wconf 94' lang='lat' dir='ltr'>p.</span> <span class='ocrx_word' id='word_1_304' title='bbox 666 4400 705 4455; x_wconf 76' lang='lat'>57.</span> 
     </span>
    </p>
   </div>
   <div class='ocr_carea' id='block_1_6' title="bbox 276 4481 1469 4628">
    <p class='ocr_par' dir='ltr' id='par_1_13' title="bbox 276 4481 1469 4628">
     <span class='ocr_line' id='line_1_36' title="bbox 310 4481 1469 4557; baseline 0.009 -29"><span class='ocrx_word' id='word_1_305' title='bbox 310 4482 337 4530; x_wconf 86' lang='lat' dir='ltr'>C.</span> <span class='ocrx_word' id='word_1_306' title='bbox 355 4481 491 4531; x_wconf 88' lang='lat' dir='ltr'>Schenkalii</span> <span class='ocrx_word' id='word_1_307' title='bbox 507 4482 693 4548; x_wconf 81' lang='lat' dir='ltr'>disputationem</span> <span class='ocrx_word' id='word_1_308' title='bbox 710 4484 738 4532; x_wconf 90' lang='lat' dir='ltr'>da</span> <span class='ocrx_word' id='word_1_309' title='bbox 761 4483 930 4535; x_wconf 87' lang='lat' dir='ltr'>Consolatione</span> <span class='ocrx_word' id='word_1_310' title='bbox 947 4485 1056 4551; x_wconf 74' lang='lat' dir='ltr'>(er</span> <span class='ocrx_word' id='word_1_311' title='bbox 1072 4487 1174 4539; x_wconf 77' lang='lat' dir='ltr'>Studien</span> <span class='ocrx_word' id='word_1_312' title='bbox 1191 4487 1226 4536; x_wconf 93' lang='lat'>11.</span> <span class='ocrx_word' id='word_1_313' title='bbox 1247 4503 1270 4556; x_wconf 87' lang='lat' dir='ltr'>p.</span> <span class='ocrx_word' id='word_1_314' title='bbox 1283 4488 1314 4536; x_wconf 74' lang='lat' dir='ltr'>to</span> <span class='ocrx_word' id='word_1_315' title='bbox 1331 4490 1393 4557; x_wconf 83' lang='lat' dir='ltr'>sqq.)</span> <span class='ocrx_word' id='word_1_316' title='bbox 1411 4503 1469 4540; x_wconf 83' lang='lat' dir='ltr'>nan·</span> 
     </span>
     <span class='ocr_line' id='line_1_37' title="bbox 276 4560 665 4628; baseline 0.008 -17"><span class='ocrx_word' id='word_1_317' title='bbox 276 4560 333 4611; x_wconf 86' lang='lat' dir='ltr'>cisci</span> <span class='ocrx_word' id='word_1_318' title='bbox 350 4577 388 4611; x_wconf 86' lang='lat' dir='ltr'>me</span> <span class='ocrx_word' id='word_1_319' title='bbox 406 4578 454 4612; x_wconf 92' lang='lat' dir='ltr'>non</span> <span class='ocrx_word' id='word_1_320' title='bbox 470 4564 573 4628; x_wconf 85' lang='lat' dir='ltr'>potuisse</span> <span class='ocrx_word' id='word_1_321' title='bbox 590 4564 665 4614; x_wconf 90' lang='lat' dir='ltr'>doleo.</span> 
     </span>
    </p>
   </div>
   <div class='ocr_carea' id='block_1_7' title="bbox 0 0 1644 5286">
    <p class='ocr_par' dir='ltr' id='par_1_14' title="bbox 0 0 1644 5286">
     <span class='ocr_line' id='line_1_38' title="bbox 0 0 1644 5286; baseline 0 0"><span class='ocrx_word' id='word_1_322' title='bbox 0 0 1644 5286; x_wconf 95' lang='lat' dir='ltr'> </span> 
     </span>
    </p>
   </div>
  </div>
 </body>
</html>
