3324 5284
774 490 815 553 41

196 690 343 754 peruerse
365 669 513 734 iudicarit
536 670 697 749 Francke,
722 674 942 737 demonstratu
965 676 1013 738 est
1036 672 1233 738 facillimum.
1263 671 1391 757 Optime

196 790 337 876 profecto
370 792 476 876 elegos
506 813 598 876 posse
630 793 693 858 diei
710 815 850 875 ‚carmen
873 795 1040 878 querulum
1064 797 1154 879 patet
1177 795 1241 858 iam
1266 817 1282 859 e
1306 793 1391 858 notis

195 913 324 978 Horatii
347 935 411 979 uss.
439 915 479 979 ab
502 915 573 999 ipso
596 914 755 982 Franekio
779 917 901 982 uitatis:

308 1033 462 1101 Versibus
485 1017 649 1122 impariter
670 1037 789 1103 innotis
812 1038 1012 1123 querimonia
1036 1038 1192 1125 primum,
1219 1040 1278 1104 oet.

240 1155 352 1242 Neque
381 1159 614 1243 praeteruidere
637 1160 749 1224 debuit
772 1161 917 1225 Franoke
942 1161 1047 1225 loeum
1070 1160 1145 1226 huie
1170 1163 1298 1225 nostrae
1322 1160 1389 1244 epi-

195 1278 297 1343 stulae
319 1279 425 1344 uersui
448 1281 647 1346 simillimum
672 1280 751 1346 Hor.
777 1281 812 1348 O.
841 1283 869 1348 1.
897 1284 949 1348 33.
978 1283 995 1346 1
1022 1303 1111 1367 sqq:

466 1400 562 1485 Albi,
587 1423 628 1466 ne
651 1402 758 1467 doleas
780 1403 853 1487 plus
874 1403 973 1468 nimio
998 1423 1119 1468 memor

466 1520 605 1586 Immitis
629 1521 796 1606 Glycerae,
821 1545 884 1588 neu
907 1523 1101 1588 miserabiles

467 1641 626 1707 Deeantes
649 1643 775 1728 elegos,
800 1666 856 1709 eur
877 1643 937 1708 tibi
959 1644 1066 1709 iunior

489 1821 494 1826 ,A
511 1763 612 1830 Laesa
634 1766 814 1850 praeniteat
837 1765 909 1832 fide.

241 1881 434 1958 Quibuscum
455 1888 657 1969 comparetur
676 1885 872 1971 epigramma
892 1886 973 1951 illud
992 1886 1085 1952 Dom.
1106 1887 1204 1952 Marsi
1223 1887 1257 1952 in
1270 1887 1390 1953 Tibulli

195 2003 336 2070 obitum:

331 2127 376 2192 'ra
399 2149 526 2213 quoque
550 2129 689 2215 Vergilio
713 2131 861 2195 comitem
885 2153 953 2196 non
977 2153 1094 2216 aequa,
1119 2131 1264 2205 libelle,

378 2249 465 2315 Mors
488 2251 635 2316 iuuenem
659 2274 787 2337 eampos
810 2253 898 2317 misit
920 2254 961 2317 ad
984 2252 1127 2337 Elysios:

249 2353 251 2358 ¹
333 2371 383 2438 Ne
407 2373 491 2439 foret
512 2376 569 2438 aut
591 2375 688 2459 elegis
711 2375 822 2440 molles
846 2376 901 2460 qui
924 2375 1015 2441 fleret
1038 2397 1178 2454 amores,

381 2494 451 2561 Aut
474 2500 603 2562 caneret
624 2496 702 2562 forti
725 2497 814 2582 regia
836 2497 921 2562 bella
945 2497 1036 2583 pede.

197 2741 255 2809 Vs.
278 2745 310 2809 8.
334 2743 409 2808 Nou
435 2764 528 2808 raom
552 2764 594 2808 ao
619 2764 781 2810 necamus
805 2747 864 2810 oet.
890 2744 931 2809 01.
955 2743 1030 2808 Am.
1054 2743 1115 2808 ΠΙ.
1141 2743 1195 2809 11.
1220 2743 1278 2808 42:

335 2865 411 2932 Non
434 2867 513 2944 10011
536 2867 576 2930 ad
600 2888 704 2931 mores
726 2869 794 2931 tam
817 2867 903 2931 bona
925 2867 1029 2930 forma
1052 2864 1162 2930 malos.
1273 2879 1275 2884 ’

199 2987 278 3052 Ηο1.
302 2986 390 3053 XIV.
417 2987 478 3064 563
501 2987 578 3052 Non
601 2987 725 3053 faciunt
748 2987 858 3053 molles
882 2989 922 3052 ad
945 2987 1013 3052 fere
1037 2987 1100 3052 tela
1123 3009 1249 3052 manus.

200 3109 277 3174 Her.
302 3108 358 3174 Vl.
386 3111 469 3187 1283
493 3110 565 3174 XV.
593 3110 838 3176 19011111.
867 3111 918 3174 10.
944 3111 998 3176 44.

130 3209 134 3218 ⁸
246 3232 303 3296 Vs.
328 3233 359 3297 9.
392 3230 604 3317 Comparatur
635 3232 751 3297 amoris
782 3232 874 3297 ardor
906 3253 978 3297 eum
1009 3233 1157 3298 messium
1190 3235 1223 3297 et
1245 3253 1394 3317 agrorum

201 3355 367 3432 incendio,
393 3357 431 3418 ut
453 3355 494 3419 ab
517 3355 587 3440 ipso
610 3353 726 3419 Ouidio
749 3351 788 3418 fit
811 3354 952 3438 saepius,
980 3377 1007 3418 e.
1022 3375 1053 3438 g.
1079 3354 1156 3418 Met.
1182 3353 1239 3418 VI.
1267 3351 1349 3417 455:

338 3476 414 3542 Non
438 3498 526 3542 secus
550 3477 670 3542 exarsit
693 3478 864 3561 conspecta
888 3475 1015 3559 uirgine
1039 3475 1173 3553 Tereus,

338 3597 439 3674 Quam
466 3599 494 3664 si
516 3599 588 3682 quis
612 3597 700 3662 oanis
724 3598 832 3682 ignem
857 3600 1018 3681 supponat
1042 3595 1156 3660 aristis.

204 3718 281 3786 Met.
305 3719 333 3785 Ι.
357 3721 441 3786 492:

342 3842 449 3926 thue
471 3842 557 3907 leues
580 3841 717 3927 stipulae
739 3843 876 3926 demptis
900 3842 1068 3906 adolentur
1091 3840 1215 3925 aristis,

341 3961 388 4028 Ut
409 3963 531 4028 facibus
554 3985 664 4048 saepes
681 3966 818 4041 ardent,
843 3985 922 4047 quas
945 3963 1027 4027 forte
1053 3962 1158 4026 uiator

341 4083 403 4148 Vel
427 4085 521 4148 nimis
544 4085 704 4168 admouit,
729 4085 781 4148 uel
803 4085 867 4148 iam
892 4085 950 4149 sub
973 4084 1043 4148 luce
1066 4085 1212 4168 reliquit:

341 4205 392 4271 sie
416 4206 493 4270 deus
515 4206 549 4269 in
573 4205 717 4270 flammas
740 4206 838 4284 abiit,
861 4207 906 4270 sio
929 4208 1056 4290 pectore
1081 4208 1164 4296 toto·

343 4327 454 4392 Uritur
476 4331 509 4392 et
531 4329 669 4393 sterilem
692 4330 850 4413 sperando
872 4328 1149 4392 nutritamorem.

252 4449 348 4513 Vnoa
373 4471 412 4513 vr
438 4489 497 4529 -,
522 4450 561 4514 01.
588 4450 665 4514 Her.
690 4449 768 4515 VII.
795 4449 854 4515 15:

344 4569 428 4636 Uror
451 4575 489 4636 ut
511 4571 642 4636 inducto
666 4575 790 4637 aeratae
811 4571 963 4657 sulphure
986 4572 1114 4649 taedae;

387 4693 521 4758 Aenean
544 4695 650 4761 animo
674 4716 801 4780 noxque
824 4695 951 4779 diesque
974 4694 1080 4759 refert.
