3324 5284
800 409 820 474 5

344 595 480 679 Ingenio
504 594 625 658 formae
649 594 767 657 damna
789 593 929 678 rependo
954 613 1043 656 meae

209 722 402 802 sequuntur:

300 840 376 905 Sum
399 838 519 916 breuis,
544 841 579 902 at
602 859 720 902 nomen
743 840 829 922 quod
852 840 952 902 terras
975 837 1107 922 impleat
1131 857 1240 901 omncs

343 959 404 1024 nst
426 959 523 1024 mihi:
548 981 728 1024 mensuram
752 959 892 1024 nominis
916 959 987 1045 ipsa
1010 959 1088 1024 fero.

208 1081 303 1146 Hanc
326 1103 473 1146 uersuum
498 1083 631 1146 33-34
654 1080 789 1144 formam
812 1082 938 1164 praeter
961 1079 1122 1164 Excerpta
1144 1079 1250 1144 nullus
1274 1079 1402 1144 exhibet
1512 1050 1514 1055 ³

208 1204 306 1268 codex
330 1203 394 1268 nisi
416 1203 649 1268 uetustissimus
671 1201 945 1266 Francofurtanus
969 1204 1060 1287 (saec.
1083 1201 1197 1286 XIII);
1217 1200 1252 1265 in
1272 1200 1401 1285 reliquis

207 1325 355 1389 omnibus
379 1325 518 1409 legitur:

297 1447 365 1511 Nec
387 1469 438 1510 mc
461 1446 633 1530 despicias,
658 1446 684 1509 si
702 1440 767 1510 'sim
794 1447 887 1530 [sum]
913 1445 973 1509 tibi
998 1465 1129 1529 corpore
1153 1465 1253 1528 parua

339 1568 585 1652 Mensuramqne
608 1568 713 1633 breuis
736 1567 875 1631 nominis
897 1567 967 1652 ipsa
989 1565 1068 1631 fero.

208 1691 293 1775 quod
325 1689 531 1756 coniunctum
563 1689 707 1754 uidemus
739 1709 811 1773 cnm
842 1687 1001 1772 prioribus
1033 1688 1066 1751 in
1096 1709 1161 1752 uno
1186 1687 1292 1752 codice
1314 1686 1399 1751 Har·

206 1812 311 1876 leiano
336 1811 423 1875 2499
449 1811 543 1897 (saec.
570 1810 647 1894 XV)
670 1811 735 1874 ita:

299 1930 367 1997 Nee
391 1953 442 2007 me
465 1929 637 2015 despicias,
661 1931 687 1994 si
710 1931 769 1994 sim
793 1930 854 1994 tibi
878 1951 1010 2015 corpore
1033 1953 1133 2015 parua

343 2054 590 2137 Mensuramquc
614 2053 719 2117 breuis
743 2053 881 2118 nominis
903 2053 973 2138 ipsa
996 2052 1074 2117 fero.

298 2176 375 2242 Sum
399 2175 521 2252 breuis,
546 2177 580 2238 at
602 2195 719 2238 nomen
741 2176 827 2258 quod
851 2176 952 2238 terras
975 2173 1109 2258 impleat
1131 2195 1241 2238 omncs

344 2296 404 2362 nst
426 2297 522 2361 mihi:
548 2318 728 2361 mensuram
754 2295 894 2360 nominis
915 2295 985 2379 ipsa
1007 2295 1084 2359 fero.

207 2418 277 2494 Qua
300 2419 394 2483 dere
417 2419 572 2502 copiosius
596 2417 690 2482 nobis
713 2417 773 2481 erit
796 2417 1025 2501 disputandum
1050 2417 1084 2481 in
1109 2417 1336 2482 commentario
1356 2419 1397 2481 ad

209 2560 261 2605 eos
285 2561 405 2605 uersus.

254 2783 333 2850 Cum
358 2785 458 2868 igitur
480 2784 577 2848 fuisse
601 2787 705 2849 aetate
727 2785 792 2849 iarn
816 2784 909 2849 ualde
928 2788 1049 2849 remota
1070 2783 1210 2848 codicem
1230 2785 1399 2867 quemdam

207 2906 383 2977 carminum
407 2905 530 2983 Ouidii,
552 2907 586 2969 in
612 2928 675 2990 quo
700 2905 848 2990 Sapphus
871 2906 1007 2990 epistula
1031 2906 1117 2970 inter
1136 2904 1311 2969 Heroidum
1329 2903 1398 2987 epi-

205 3027 305 3092 stulas
340 3028 410 3092 loco
441 3026 506 3092 XV
535 3027 634 3091 fuerit
664 3028 836 3106 collocata,
871 3049 909 3092 ex
938 3027 1002 3091 illis
1032 3026 1198 3111 Excerptis
1229 3029 1396 3110 appareat,

205 3149 268 3212 iam
292 3149 373 3213 mira
395 3148 452 3212 illa
476 3144 616 3212 conditio
641 3170 704 3232 qua
727 3149 819 3214 nobis
844 3154 893 3213 est
916 3153 1041 3213 seruata
1065 3148 1202 3232 epistula
1225 3150 1330 3232 potest
1341 3169 1396 3212 ex·

205 3269 326 3354 plicari.
357 3270 525 3334 Intercidit
555 3270 707 3334 nimirum
738 3292 813 3335 casn
843 3272 981 3355 quodam
1012 3293 1030 3335 e
1062 3270 1224 3334 communi
1254 3269 1396 3334 omnium

205 3391 382 3455 carminum
406 3391 578 3476 exemplari
601 3395 634 3456 et
655 3392 826 3476 separatim
850 3393 918 3457 sine
937 3391 1101 3475 scriptoris
1121 3390 1250 3454 nomine
1262 3389 1397 3454 circum·

206 3510 381 3575 ferebatur:
407 3513 557 3577 nonnulli
581 3514 786 3598 opusculum,
811 3514 870 3578 etsi
893 3512 1081 3578 dissolutum
1105 3535 1122 3576 c
1146 3515 1297 3577 contextu
1320 3533 1395 3590 suo,

206 3631 400 3697 Ouidianum
432 3639 653 3718 agnouerunt3
683 3635 868 3718 ignorantes
892 3656 966 3698 uero
991 3635 1048 3698 ubi
1071 3640 1151 3699 esset
1174 3634 1396 3713 inserendum,

205 3754 301 3818 uariis
332 3755 418 3819 inter
449 3754 556 3821 Ouidii
587 3779 684 3841 opera
714 3757 791 3821 locis
822 3756 1076 3840 adscripserunt;
1108 3755 1163 3820 alii
1192 3756 1226 3819 in
1258 3776 1395 3820 errorem

205 3875 293 3939 ducti
314 3897 407 3940 uersu
433 3878 472 3941 3:

406 3999 456 4062 An
481 3997 545 4061 nisi
567 3999 696 4083 legisses
718 4001 852 4063 auctoris
875 4001 1001 4062 nomina
1024 3997 1171 4086 Sapphus

205 4116 362 4200 putabant
381 4118 502 4183 scilicet
522 4119 621 4203 ipsius
640 4117 787 4203 Sapphus
807 4119 993 4202 opusculum
1014 4122 1090 4183 ante
1108 4120 1215 4184 oculos
1235 4119 1396 4184 sehabere

204 4238 337 4322 ideoque
355 4240 441 4304 inter
460 4240 549 4304 uaria
568 4240 729 4304 uariorum
747 4240 937 4324 scriptorum
957 4262 1053 4325 opera
1064 4241 1097 4304 id
1110 4241 1321 4318 collocarunt3
1341 4242 1396 4306 alii

204 4359 340 4444 denique
358 4360 396 4424 de
415 4361 477 4424 alio
496 4363 634 4445 quodam
655 4366 749 4446 poeta
770 4360 883 4424 Latino
903 4399 942 4410 -
964 4361 1092 4425 Tibullo
1104 4361 1241 4426 maxime
1253 4362 1303 4426 uel
1315 4362 1395 4427 Pro·

203 4482 306 4567 partio
328 4520 369 4530 -
390 4483 582 4566 cogitantes,
604 4484 680 4549 data
698 4484 939 4568 opportunitate
950 4483 1064 4547 horum
1077 4483 1271 4548 carminibus
1283 4506 1395 4570 poema

204 4604 349 4667 nostrum
372 4602 571 4671 addiderunt.
596 4604 687 4680 Quod
709 4605 869 4689 quomodo
893 4605 935 4669 sit
958 4603 1078 4669 facturn
1103 4608 1138 4668 ut
1161 4605 1277 4690 melius¹
1296 4606 1393 4670 intel·
