3274 5292
753 394 816 458 137

223 573 303 640 Cum
326 576 427 660 igitur
449 576 604 642 Erichtho
628 599 747 642 nomen
770 579 832 643 iam
857 579 959 643 multo
983 580 1058 643 ente
1077 579 1221 665 Pompeii
1232 583 1369 645 aetatmn

178 698 334 761 exstiterit
357 701 390 762 et
408 719 504 782 maga
527 699 583 763 illa
607 698 791 766 Lucaniena
813 723 885 766 eum
906 700 1077 785 Sapphone
1097 702 1178 786 nihil
1198 703 1368 786 quicquam

177 818 296 883 habeat
325 841 507 897 commune,
541 822 673 886 minime
703 823 810 907 potuit
839 823 872 886 id
907 823 1069 887 desumere
1098 822 1192 888 huius
1215 824 1369 907 epistulae

142 951 147 960 ·
177 945 272 1024 poeta
302 963 319 1005 e
350 941 472 1006 Lucani
501 943 650 1007 carmine.
689 941 783 1008 cauit
814 944 914 1028 igitur
945 948 1014 1008 tota
1037 944 1092 1008 illa
1112 944 1364 1026 argumentatio,

178 1085 241 1148 qua
271 1067 345 1148 post
376 1062 540 1129 Lucanum
571 1069 699 1130 demum
731 1066 898 1150 epistulam
929 1087 995 1130 esse
1019 1065 1169 1150 scriptam
1194 1067 1297 1131 euinci
1321 1070 1369 1130 ert

177 1187 348 1251 tentatum.

223 1304 284 1370 Sed
315 1306 448 1371 uerbum
470 1308 585 1373 addere
608 1308 687 1373 mihi
709 1309 821 1373 liceat:
847 1329 948 1392 aequo
972 1308 1056 1372 enim
1079 1309 1186 1372 animo
1210 1307 1366 1372 Erichtho

177 1427 265 1492 illam
291 1450 329 1492 ex
354 1429 488 1513 epistula
511 1431 582 1495 tolli
604 1429 717 1515 patiar.
759 1431 799 1495 In
823 1430 1038 1495 uetustissimo
1061 1435 1093 1495 et
1118 1430 1239 1514 optimo
1263 1430 1370 1495 codice

173 1550 205 1635 s.
237 1571 303 1613 non
334 1549 452 1634 legitur
481 1552 632 1616 Erichtho
664 1552 717 1616 sed
744 1551 839 1616 Euro
860 1549 902 1637 ¹),
929 1552 1013 1636 quod
1037 1551 1248 1635 neglexerunt
1270 1551 1369 1616 critici

179 1692 307 1756 omnes,
340 1692 412 1735 oum
445 1675 482 1736 de
514 1675 572 1736 dea
603 1672 717 1737 bellica
748 1673 800 1737 hic
830 1673 989 1756 agendum
1019 1694 1085 1737 non
1116 1694 1182 1736 esse
1213 1672 1368 1737 uiderent.

162 1791 291 1876 Neque
323 1813 382 1877 ego
407 1815 558 1876 umquam
582 1795 621 1857 de
644 1793 701 1857 illa
723 1793 860 1858 lectione
884 1793 1083 1858 admittenda
1106 1792 1246 1877 cogitaui
1268 1795 1370 1857 donec

112 1964 114 1966 -
179 1911 319 1998 perlecta
350 1936 451 1998 nuper
482 1912 602 1978 Orestis
634 1914 807 1978 fabula-
833 1915 922 1980 euius
953 1917 1113 1980 auctorem
1136 1936 1203 1979 esse
1225 1913 1370 1979 Dracon·

179 2035 260 2098 tium
285 2035 352 2099 iure
377 2035 527 2099 uidentur
550 2035 629 2100 mihi
654 2036 801 2100 statuisse
816 2075 855 2084 —
870 2036 932 2100 duo
956 2037 1066 2100 inueni
1086 2038 1189 2114 locos,
1208 2036 1370 2120 inquibus

179 2157 276 2242 Enyo
301 2162 409 2243 aperte
434 2158 639 2242 coniungitur
663 2180 735 2222 cum
758 2158 879 2235 Furiis3
905 2181 952 2223 us.
976 2160 1041 2223 497
1066 2181 1131 2242 sq.:

362 2280 406 2344 Et
427 2279 531 2344 Furiis
556 2283 669 2364 augete
693 2279 812 2344 melum
836 2278 971 2344 mortale
994 2301 1170 2357 uenenum,

365 2402 526 2487 Torqueat
550 2403 693 2467 auctores
717 2402 869 2466 scelerum
892 2401 1027 2467 crudeli·
1049 2400 1152 2484 Enyo.

181 2522 226 2587 Et
248 2545 295 2588 us.
322 2522 404 2588 785:

341 2644 467 2708 Laudat
489 2612 583 2729 Enpo
607 2645 713 2723 nefas,
738 2645 884 2710 dextram
907 2644 1058 2730 culpabat
1075 2645 1204 2728 Erinys.
1227 2667 1230 2674 ·

227 2765 372 2850 Apparet
394 2766 495 2850 igitur
518 2766 603 2831 illius
626 2769 738 2850 poetae
762 2769 865 2830 aetate
877 2767 1046 2852 Enponon
1059 2765 1370 2830 solumfnirsedeam

181 2888 327 2952 bellicam
353 2888 406 2952 sed
430 2891 462 2952 et
485 2910 573 2966 eam,
598 2910 678 2972 quae
702 2889 806 2953 uersui
831 2889 939 2952 nostro
963 2887 1047 2952 foret
1066 2887 1373 2972 aptissima‚Erinyi

184 3011 389 3074 consimilem.
435 3009 541 3075 Facile
581 3014 688 3075 autom
727 3033 766 3074 ex
805 3010 864 3076 hac
887 3010 1040 3086 lectione,
1064 3031 1161 3094 praue
1191 3009 1373 3085 intellecta,

183 3097 323 3216 potuisse
354 3132 430 3196 oriri
461 3132 495 3196 in
528 3133 689 3197 codicibus
720 3133 891 3209 Erichtho,
914 3104 1064 3196 docemur
1086 3131 1156 3196 loco
1179 3133 1263 3213 apud
1288 3129 1375 3194 Mar·

184 3253 292 3318 tialem
326 3251 381 3318 VI.
416 3255 468 3320 32.
504 3257 540 3332 1,
568 3255 623 3317 ubi
654 3275 712 3339 pro
739 3255 831 3339 Eupo
863 3253 913 3338 (nt
942 3274 1017 3316 uera
1048 3253 1093 3315 ibi
1123 3256 1171 3316 est
1199 3251 1306 3336 lectio)
1341 3251 1376 3314 in

185 3373 295 3437 multis
327 3376 419 3438 codd.
443 3379 492 3438 est
513 3377 634 3462 Erip03
660 3375 745 3458 quod
770 3374 848 3457 quin
872 3373 962 3438 nullo
986 3373 1117 3457 negotio
1141 3371 1282 3456 potuerit
1305 3394 1376 3436 mu·

193 3494 254 3557 tari
277 3495 313 3558 in
335 3496 444 3560 Erirto
469 3496 519 3559 uel
543 3497 658 3561 Eritho
682 3533 721 3544 „
749 3495 794 3559 sic
815 3494 899 3558 enim
922 3515 981 3578 pro
1004 3495 1155 3559 Erichtho
1178 3493 1331 3558 exhibent
1343 3493 1378 3557 in

187 3618 298 3679 nostro
322 3637 368 3680 us.
395 3616 485 3680 codd.
511 3617 653 3702 plerique
678 3655 719 3664 -
744 3637 837 3681 nemo
861 3615 1030 3680 dubitabit.
1055 3615 1206 3679 Praestat
1223 3615 1378 3698 ergofor-

188 3737 270 3799 tasse
301 3736 333 3799 id
357 3737 441 3820 quod
466 3759 524 3820 pro
542 3739 676 3823 furialia
698 3738 849 3803 Erichtho
873 3737 1108 3822 proposuerim:
1129 3737 1244 3822 feralis
1268 3738 1377 3822 Enyo,

186 3858 224 3920 ut
255 3857 400 3922 similiter
428 3857 548 3923 Lucan.
579 3859 622 3923 X.
648 3858 707 3922 59:
740 3859 836 3924 Latio
861 3859 976 3945 feralia
999 3860 1116 3944 Erinys
1141 3862 1172 3922 et
1195 3857 1377 3942 praesertim

186 3979 317 4044 Petron.
343 3978 445 4045 CXX.
471 3983 490 4044 6
515 4003 579 4064 sq.:

322 4101 399 4166 Tres
424 4104 541 4167 tulerat
564 4101 708 4167 Fortuna
731 4103 842 4186 duces,
869 4124 947 4187 quos
971 4103 1077 4167 obruit
1100 4123 1210 4167 omnes

325 4224 496 4288 Armorum
519 4229 605 4290 strue
628 4225 752 4290 diversa
775 4224 881 4289 feralis
905 4224 1008 4308 Enyo,

186 4341 267 4427 (Ubi
297 4345 405 4408 eadem
435 4345 470 4408 in
501 4347 592 4411 codd.
625 4349 674 4411 est
701 4347 838 4411 uarietas
861 4347 945 4411 inter
967 4347 1075 4433 Enyo,
1101 4348 1213 4424 erich,
1237 4347 1378 4431 erynnis,

222 4592 250 4661 1)
269 4608 328 4643 nmo
346 4598 382 4645 eet
399 4595 471 4645 ctiam
489 4595 514 4644 in
532 4613 567 4660 m„
578 4617 584 4655 ;
602 4609 635 4646 nu
654 4610 669 4644 0
687 4595 712 4645 in
730 4614 768 4658 a..
