3274 5292
829 365 893 426 102

311 548 413 616 Addit
431 551 539 613 tamen
559 570 596 612 eo
615 549 686 612 loco
705 546 819 612 Strabo
844 545 941 630 uulgo
965 545 1048 608 tradi
1071 545 1134 608 iam
1158 548 1252 610 antea
1273 543 1348 607 inde
1371 543 1453 607 desi·

262 673 359 737 luisse
378 670 575 755 Cephalum,
599 691 669 734 cum
690 668 846 734 Pterelam
864 666 997 732 Deionei
1016 666 1118 730 filium
1139 665 1304 750 deperiret.
1326 663 1453 730 Oharon

262 793 427 878 Lampsac.
452 799 564 856 eontra
588 793 650 876 (ap.
676 790 761 855 Plut.
787 789 832 853 M.
857 788 921 853 255
946 789 1001 875 A.)
1024 790 1136 853 auctor
1159 791 1208 852 est
1227 786 1366 870 primum
1385 807 1454 851 see

263 914 399 979 Leucate
429 913 575 977 deiecisse
605 911 771 989 Phobum‚
799 933 898 976 unum
923 912 962 975 de
985 910 1084 995 stirpe
1106 907 1324 974 (ledridarum.
1349 906 1455 971 Multo

263 1039 370 1099 tamen
401 1036 476 1098 ante
507 1035 570 1097 iam
602 1033 799 1098 Stesichorus
823 1032 962 1096 carmine
985 1031 1157 1096 celebrasse
1180 1029 1297 1094 dicitur
1320 1027 1453 1113 (Athon.

263 1156 354 1222 XIV.
379 1177 405 1222 e.
432 1157 486 1242 11)
519 1155 673 1239 Calycen,
699 1176 778 1238 quae
801 1154 840 1217 ab
863 1153 1003 1217 Euathlo
1027 1155 1133 1237 spreta
1156 1151 1197 1215 ab
1220 1151 1275 1214 illo
1301 1170 1454 1234 promun-

207 1281 210 1286 ’
263 1277 348 1342 turio
380 1278 416 1341 in
442 1299 527 1340 mare
551 1276 737 1340 desiluisset.
753 1273 777 1359 1)
803 1274 967 1339 Prouerbii
990 1276 1096 1338 autem
1122 1272 1187 1336 fere
1210 1270 1315 1336 locum
1339 1271 1455 1335 saltum

264 1399 355 1484 illum
379 1400 414 1462 in
438 1398 531 1463 rebus
555 1397 717 1462 amatoriis
737 1396 912 1485 obtinuisse
932 1399 1025 1460 docet
1041 1398 1223 1472 Anacreon,
1235 1393 1350 1479 fragm.
1364 1391 1455 1457 XIX.

264 1521 413 1607 (Bergk):

423 1641 545 1723 Ἀρθεὶς
570 1639 652 1716 δηῦτ’
676 1642 739 1706 aar
764 1640 920 1712 Λευκάδος

424 1765 535 1843 πέτρης
561 1765 590 1836 ἒς
615 1766 718 1829 πολιὸν
744 1767 829 1839 κῦμα
854 1763 1019 1842 resvelde,
1045 1761 1286 1843 11111111.

311 1887 420 1952 Plures
445 1886 579 1971 denique
606 1886 721 1970 quiec
745 1884 828 1949 saltu
852 1885 968 1949 amoris
992 1888 1114 1949 aestum
1138 1884 1230 1948 finire
1253 1883 1360 1949 conati
1383 1885 1459 1947 sunt

267 2013 432 2073 enumerat
454 2006 588 2071 Ptolem.
613 2006 786 2091 Hephaest.
813 2028 863 2091 ap.
887 2006 982 2071 Phot.
1003 2005 1087 2072 Bibl.
1108 2029 1139 2090 p.
1162 2006 1235 2072 153.
1257 2027 1276 2069 a
1296 2003 1460 2090 (Bekker),

266 2130 301 2193 in
322 2148 457 2214 quorum
478 2130 584 2192 tamen
606 2150 754 2215 numero,
776 2132 862 2212 quod
882 2129 1011 2206 mirere,
1033 2127 1162 2212 Sappho
1181 2130 1323 2192 nonest.
1342 2126 1460 2201 Quam-

267 2273 363 2336 quam
394 2271 469 2314 uero
493 2250 693 2314 Ptolemaeus
717 2249 901 2335 plerumque
924 2249 986 2314 fide
1010 2251 1094 2314 certe
1115 2252 1163 2314 est
1185 2248 1356 2332 indignus,
1380 2269 1460 2331 pau·

265 2374 309 2438 cis
336 2376 444 2438 tamen
476 2395 557 2459 quae
584 2373 669 2458 apud
692 2395 763 2436 eum
787 2373 939 2456 leguntur
961 2371 1143 2436 referamus.
1167 2370 1199 2435 ls
1223 2375 1328 2435 autem
1351 2370 1462 2434 narrat

268 2497 387 2561 Veneri
411 2519 482 2561 cum
506 2499 579 2581 post
597 2499 733 2560 mortem
751 2495 909 2560 Adonidis
931 2518 963 2560 se
983 2517 1089 2560 amore
1109 2495 1175 2559 eius
1195 2495 1292 2558 uellet
1309 2494 1460 2570 liberare,

268 2616 451 2702 Apollinem
482 2618 576 2682 fuisse
607 2619 767 2681 auctorem
800 2620 837 2680 ut
862 2638 894 2680 se
918 2618 957 2680 de
979 2615 1114 2681 Leucate
1137 2617 1172 2680 in
1196 2637 1282 2680 mare
1305 2615 1460 2699 praecipi·

269 2743 360 2804 taret.
385 2738 504 2824 Apollo
529 2739 613 2802 enim
638 2739 822 2802 obseruasse
845 2760 878 2802 se
903 2738 983 2802 dixit
1006 2739 1053 2815 ei,
1078 2737 1188 2802 Iouem
1212 2760 1283 2803 eum
1305 2738 1460 2802 Iunonem

268 2861 462 2944 impotenter
482 2865 620 2937 amaret,
641 2858 769 2923 solitum
791 2881 856 2924 esse
877 2861 911 2928 in
933 2881 970 2924 eo
991 2863 1100 2925 monte
1119 2861 1224 2924 sedere
1242 2859 1330 2924 etsie
1343 2859 1459 2924 sanari.

270 2981 383 3065 Itaque
414 2981 566 3046 Venerem
600 2981 699 3044 saltus
723 2981 897 3065 perieulum
921 2980 1031 3046 fecisse
1056 2984 1088 3045 et
1107 2983 1234 3066 pectore
1257 2979 1460 3065 frigidissimo

270 3101 440 3167 emersisse.
469 3086 583 3166 Postea
604 3101 711 3185 plures
734 3103 871 3166 remedio
895 3101 951 3166 illo
975 3104 1050 3166 sunt
1072 3103 1138 3168 usi:
1163 3103 1350 3180 Artemisia,
1375 3103 1462 3186 Lyg-

271 3224 405 3288 damidis
435 3223 519 3300 filia,
551 3245 662 3287 amans
693 3222 879 3287 Dardanum
903 3222 1110 3307 Abydonum,
1136 3225 1190 3288 sed
1214 3224 1313 3288 abeo
1338 3227 1461 3307 spreta,

163 3389 166 3396 -
270 3345 344 3409 inde
367 3368 400 3410 se
423 3345 662 3430 praecipitauit,
687 3345 781 3430 periit
804 3349 912 3409 tamen
936 3346 971 3408 in
995 3344 1090 3412 saltu.
1115 3345 1166 3412 Sic
1185 3348 1218 3410 et
1236 3347 1461 3431 Hippomedon

269 3466 490 3550 Epidamnius.
524 3465 657 3530 Felicius
688 3489 756 3531 rem
786 3467 885 3550 gessit
916 3467 1116 3532 Nicostratus
1140 3467 1340 3552 Tettigideao
1362 3468 1462 3553 Myri-

271 3587 379 3651 nensis
410 3609 516 3652 amore
547 3587 688 3671 flagrans
712 3588 766 3652 sed
788 3588 958 3672 perillum
980 3589 1092 3653 saltem
1116 3588 1239 3654 leuatus
1261 3589 1462 3674 181181111-

270 3710 343 3772 liter
356 3712 388 3773 et
400 3709 505 3775 Maces
519 3709 723 3787 Buthrotius;
738 3710 816 3795 quin
825 3713 937 3793 quater
949 3709 1002 3774 ille
1013 3731 1069 3793 per
1081 3711 1115 3774 id
1127 3711 1300 3774 remedium
1312 3711 1464 3776 exstinxit

205 3888 209 3896 .
268 3849 427 3906 amorem,
455 3830 502 3893 ita
524 3834 561 3893 ut
582 3853 600 3894 a
620 3832 742 3896 ciuibus
760 3831 826 3895 suis
847 3850 1025 3913 cognomen
1044 3832 1200 3915 acciperet
1219 3831 1423 3917 Leucopetra.
1437 3834 1463 3919 ²)

307 4003 333 4068 1)
351 4003 430 4051 Sciens
452 4001 537 4051 omitto
558 4001 662 4051 fabulam
680 4003 773 4051 Ochnes
792 4004 878 4054 Ooloni
895 4004 969 4062 filiae,
988 4020 1059 4068 quarn
1077 4005 1124 4054 huc
1141 4005 1260 4070 pertinere
1276 4008 1346 4070 putat
1363 4008 1393 4054 K.
1411 4005 1467 4054 Rie-

273 4085 311 4132 del
345 4085 416 4148 (ader
444 4085 629 4148 pepenwaerts'pe
653 4086 733 4132 Stand
757 4086 800 4133 der
826 4087 998 4150 Sapphor‘raqe.
1024 4087 1105 4134 Xlltes
1128 4087 1307 4137 Jarresserert
1331 4089 1371 4137 des
1396 4089 1469 4137 esar·

275 4167 355 4228 09111.
380 4166 521 4231 WeidhoJea
538 4183 561 4214 a.
579 4167 602 4214 d.
627 4163 722 4235 11111.
741 4163 827 4230 Iytos,
847 4170 925 4227 1881,
944 4185 966 4233 p.
987 4169 1038 4232 23).
1058 4169 1468 4220 111111111111111111111111

271 4246 416 4295 liberaretur
440 4247 495 4295 inde
518 4247 626 4304 desiluit,
652 4248 692 4294 sed
716 4250 742 4296 ut
766 4253 868 4298 mortem
885 4250 930 4298 sibi
947 4250 1100 4299 conscisceret
1118 4267 1171 4300 cum
1188 4252 1319 4317 paeniteret
1336 4268 1388 4302 eam
1404 4255 1468 4317 quod

270 4343 314 4392 per
330 4328 459 4377 calumnias
477 4344 530 4376 suas
548 4329 653 4377 Eunosto
671 4329 733 4377 necis
750 4345 819 4378 causa
836 4331 925 4378 fuisset.
941 4332 969 4380 cf.
988 4333 1052 4382 Plut.
1072 4335 1101 4398 Q.
1123 4335 1166 4383 Gr.
1184 4350 1203 4383 c.
1221 4336 1262 4384 40.

305 4410 332 4474 2)
352 4411 439 4459 Parum
465 4415 572 4459 accurate
600 4411 710 4458 Hardiou
736 4415 786 4471 (rur
810 4415 831 4461 bs
855 4415 921 4461 sault
944 4415 972 4462 de
995 4416 1107 4464 Leucade.
1128 4417 1157 4465 ln
1176 4413 1248 4465 illem.
1266 4418 1296 4466 de
1313 4413 1406 4465 l'Aced.
1427 4418 1469 4465 der

271 4493 347 4541 Imer.
371 4493 428 4540 VII.
448 4492 522 4544 1726.
539 4509 563 4558 p.
584 4494 643 4552 258)
659 4493 714 4541 inde
731 4495 845 4544 conclusit
862 4495 906 4543 hoc
923 4495 995 4544 fuisse
1012 4497 1078 4546 illius
1095 4498 1169 4548 saltus
1186 4498 1312 4564 proprium
1326 4498 1470 4547 1111111111

272 4591 332 4640 quae
349 4590 373 4622 se
390 4575 529 4624 deiecissent
546 4575 694 4639 deperirent,
713 4575 761 4624 uiri
778 4575 854 4625 illaesi
871 4582 1033 4642 emergerent!
