3274 5292
746 425 807 491 121

178 609 351 676 inuenitur.
389 608 576 675 Rectissime
611 629 686 673 uero
721 609 870 674 obseruat
904 607 1001 673 Loers
1017 609 1051 695 ¹),
1083 608 1110 672 si
1140 607 1374 674 Schneidewini

178 730 335 795 rationem
361 731 516 816 sequaris,
541 734 747 796 statuendum
770 752 836 795 esse
859 733 892 794 et
914 730 1050 794 alterum
1073 730 1164 794 illum
1188 731 1373 813 genetiuum

180 853 289 918 Atthis
314 853 432 918 alicubi
455 854 540 938 apud
565 852 713 918 Ouidium
737 852 834 918 fuisse
856 855 994 930 lectum,
1017 875 1089 917 cum
1110 852 1229 917 Marius
1249 852 1373 917 Plotius

180 975 517 1060 utramque'formam
547 976 582 1039 in
616 1013 653 1024 -
690 977 749 1040 tlu's
781 977 814 1038 et
845 975 879 1038 in
912 1013 952 1023 -
985 977 1033 1039 dis
1065 974 1179 1038 diserte
1209 974 1373 1052 nominet,

132 1117 135 1122 '
180 1121 284 1183 neque
306 1098 386 1163 illud
410 1101 451 1163 sic
478 1097 609 1163 Ouidius
632 1060 672 1162 ad
695 1098 827 1162 alteram
851 1097 950 1161 solam
973 1097 1075 1181 possit
1097 1099 1248 1181 spectare.

226 1219 365 1284 Omnino
397 1241 472 1285 uero
505 1223 683 1285 cauendum
715 1223 763 1284 est
790 1241 831 1284 ne
854 1241 892 1284 ex
917 1219 1070 1284 eiusmodi
1094 1213 1373 1304 grammaticorum

181 1342 372 1408 testimoniis
397 1342 490 1427 plura
514 1341 685 1406 efficiamus
709 1364 804 1426 quam
827 1341 888 1426 ipsi
901 1341 1070 1406 noluerint.
1086 1341 1126 1406 In
1139 1341 1275 1406 citandis
1286 1342 1373 1407 enim

180 1464 362 1541 uocabulis,
388 1486 469 1548 quae
494 1485 532 1528 ex
556 1464 718 1549 scriptoris
742 1464 820 1528 locis
842 1463 1039 1548 proferrent,
1060 1486 1113 1529 eos
1132 1486 1199 1529 non
1218 1465 1252 1529 id
1272 1465 1373 1550 egisse

179 1589 217 1650 ut
247 1587 379 1650 eandem
411 1586 546 1650 formam
580 1586 823 1670 grammaticam
854 1585 1057 1664 exhiberent,
1091 1608 1154 1670 qua
1185 1585 1232 1650 illi
1267 1589 1375 1651 essent

180 1707 247 1786 usi,
279 1709 332 1772 sed
361 1709 489 1770 tantum
522 1707 718 1792 significasse
749 1707 809 1772 hoc
840 1707 892 1772 uel
923 1707 1002 1771 illud
1026 1707 1216 1771 uocabulum
1242 1708 1373 1773 —siue

181 1851 256 1893 casu
280 1833 365 1894 recto
390 1829 456 1894 siue
479 1829 607 1914 obliquo
634 1867 675 1878 —·
702 1851 738 1894 eo
762 1831 832 1894 loco
856 1829 1006 1915 reperiri,
1027 1828 1208 1904 nonsolum
1222 1829 1373 1895 deMario

181 1951 305 2029 Plotio,
331 1973 441 2015 uerum
466 1951 563 2015 etiam
589 1952 627 2016 de
651 1951 762 2016 ceteris
786 1951 880 2016 ualet.
909 1949 1006 2016 Ouius
1031 1951 1076 2014 rei
1097 1951 1294 2016 luculentum
1315 1951 1373 2015 ha·

181 2074 293 2137 bemus
314 2074 492 2159 exemplum
518 2074 602 2158 apud
624 2075 729 2158 ipsum
753 2073 950 2138 Priscianum
975 2073 1030 2158 (ΙΙ.
1057 2073 1130 2139 281.
1160 2072 1237 2159 Η,);
1259 2073 1374 2156 »glans

182 2194 319 2279 glandis.
340 2193 392 2259 Sic
418 2193 551 2260 Ouidius
581 2196 616 2258 in
639 2194 713 2258 XIV
737 2193 1037 2278 Metamorphoscon
1059 2200 1116 2274 [us.
1142 2194 1207 2259 825
1231 2195 1312 2278 sq.]:
1338 2197 1376 2259 ut

182 2317 249 2381 lata
272 2317 422 2402 plumbea
446 2317 546 2381 funda
570 2316 668 2382 Missa
692 2317 772 2382 solet
796 2317 899 2381 medio
924 2335 1027 2380 suess
1047 2316 1242 2380 intabescere
1254 2315 1374 2380 coclo”.

183 2438 424 2523 Peropportune
449 2461 525 2503 sane
548 2439 662 2503 accidit
686 2438 771 2523 quod
795 2438 976 2503 Priscianus
999 2437 1045 2501 ibi
1063 2438 1133 2522 ipsa
1153 2436 1258 2501 Ouidii
1279 2437 1376 2500 uerba

183 2561 361 2625 adscribere
394 2560 544 2644 dignatus
579 2562 636 2623 est.
673 2559 756 2623 lllud
787 2559 872 2623 enim
905 2559 931 2648 si
964 2555 1137 2636 omisisset,
1163 2558 1227 2621 iam
1252 2557 1376 2622 audires

184 2684 411 2748 contendentes
444 2704 569 2746 uersum
599 2682 663 2746 826
688 2680 762 2744 libri
786 2679 864 2746 XIV
887 2678 1187 2763 Metamorphoseon
1210 2701 1277 2744 esse
1300 2701 1376 2763 spu·

182 2803 283 2880 rium,
308 2805 476 2887 propterea
501 2804 586 2888 quod
612 2807 740 2868 auctore
765 2801 928 2894 Prisciano
952 2802 986 2864 in
1012 2802 1153 2885 genuino
1166 2800 1273 2866 Ouidii
1285 2823 1377 2866 uersu

183 2925 338 3009 scriptum
362 2946 427 2990 esse
453 2925 583 2990 deberet
606 2946 673 2988 non
693 2925 784 3008 ploos
808 2924 862 2988 scd
885 2925 1030 3010 plaudis!

230 3045 363 3111 Minime
394 3068 470 3111 uero
503 3048 562 3112 hac
590 3048 626 3111 in
653 3069 688 3111 re
711 3047 790 3111 fides
814 3049 862 3110 est
884 3045 1032 3110 habenda
1056 3043 1203 3122 Loersio,
1228 3045 1284 3109 ubi
1308 3044 1377 3131 opi-

185 3168 313 3232 nionem
344 3167 466 3252 profert
491 3169 525 3254 (l.
550 3168 570 3232 l.
599 3191 631 3252 p.
656 3170 713 3254 43)
736 3168 877 3233 Probum
903 3167 994 3248 [Mar.
1020 3167 1121 3253 Plot]
1146 3167 1198 3232 hic
1221 3170 1379 3252 spectasse

187 3289 300 3373 Attin,
333 3293 446 3354 notum
477 3290 609 3375 Cybeles
639 3293 831 3367 amatorem,
864 3311 958 3373 quem
983 3289 1108 3373 saepius
1132 3289 1278 3354 nominet
1302 3265 1380 3353 Oui-

187 3411 268 3476 dius,
301 3411 386 3478 Nam
418 3433 458 3476 nc
490 3412 524 3475 id
547 3412 674 3496 quidem
699 3433 816 3476 nomen
841 3412 926 3497 apud
951 3411 1100 3476 Ouidium
1125 3410 1245 3495 legitur
1268 3411 1302 3475 in
1325 3431 1382 3495 ge·

187 3534 316 3611 notice,
349 3556 451 3618 neque
485 3533 540 3599 ille
561 3556 713 3618 umquam
738 3536 873 3599 uocatur
896 3533 1025 3611 Atthis,
1050 3536 1104 3598 sed
1128 3533 1180 3597 uel
1202 3531 1307 3611 Attis,
1331 3536 1383 3599 uel

188 3652 288 3738 Atys,
315 3653 404 3733 Atis,
430 3656 539 3732 Attes,
572 3654 668 3720 Attin
681 3654 725 3741 Ι);
758 3655 893 3739 denique
919 3693 958 3703 -
984 3658 1022 3718 ut
1044 3655 1210 3739 ingeniose
1234 3655 1383 3721 obseruat

190 3775 389 3860 Comparctti
409 3775 432 3839 l.
457 3775 478 3842 l.
503 3799 533 3861 p.
563 3778 602 3840 ll
630 3814 672 3825 -
691 3777 718 3841 si
736 3777 820 3842 hunc
841 3777 1028 3861 respexisset
1048 3777 1381 3863 grammaticus,pro·

188 3895 273 3961 fecto
305 3918 371 3960 non
397 3897 585 3962 addidisset:
612 3901 653 3964 sic
680 3897 827 3976 Ouidius,
852 3919 928 3962 nam
951 3896 1039 3962 Attis
1062 3897 1116 3962 ille
1142 3899 1340 3964 sescentiens
1365 3922 1384 3963 a

189 4017 409 4103 compluribus
457 4020 663 4104 scriptoribus
706 4020 907 4084 nominatur:
951 4022 1060 4084 noster
1103 4041 1178 4085 uero
1221 4023 1382 4085 auctorem

189 4143 268 4205 tunc
300 4139 401 4205 solum
433 4141 554 4206 indicat
587 4163 658 4207 cum
692 4141 798 4226 agitur
823 4141 1015 4205 denomino
1039 4141 1145 4206 minus
1170 4145 1266 4219 noto,
1291 4141 1384 4226 quale

189 4265 274 4328 certe
297 4266 345 4328 est
369 4263 529 4343 Atthidis,
555 4263 701 4350 Sapphus
726 4265 860 4343 amicae,
886 4285 966 4350 quae
990 4287 1009 4329 a
1033 4263 1121 4329 nullo
1145 4263 1297 4348 scriptore
1321 4262 1383 4328 La·

199 4445 391 4454 —.——-

226 4563 249 4622 Ι)
268 4563 332 4612 Mus.
350 4563 426 4613 Rhcn.
446 4564 478 4612 N.
497 4566 521 4612 S.
540 4562 582 4612 lv.
599 4579 622 4628 p.
640 4565 682 4613 44.

226 4644 250 4708 2)
269 4645 304 4697 cf.
323 4645 451 4698 Salmasius
468 4647 498 4695 ad
515 4645 624 4698 Solinunr
641 4663 664 4712 p.
684 4644 742 4706 3723
762 4647 792 4695 0.
811 4645 873 4694 Iahn
890 4645 920 4694 ad
937 4645 1002 4695 Pers.
1021 4645 1043 4692 S.
1063 4643 1084 4693 Ι.
1104 4644 1142 4694 93.
