3274 5292
708 477 710 481 .
757 411 818 482 131

395 597 458 664 Det
481 602 591 664 uotam
615 599 745 664 Phoebo
768 599 879 664 Lesbis
902 604 1009 665 amata
1032 601 1145 685 lyram.

188 716 275 793 Quae
299 719 413 796 uerba,
439 741 509 784 mea
532 720 660 804 quidem
685 721 860 799 sententia,
885 725 952 785 tem
976 721 1143 806 perspicua
1167 726 1244 787 sunt
1255 728 1288 788 et
1299 725 1384 790 dilu-

190 840 279 918 eide,
315 843 352 905 ut
386 841 580 905 dubitationi
614 842 719 906 locum
753 824 903 927 praebere
939 846 1112 927 nequeant.
1158 844 1263 909 Aliter
1298 847 1384 910 enim

190 961 341 1046 explicari
364 983 431 1026 non
453 965 588 1046 possunt
611 965 707 1047 atque
732 985 768 1028 eo
793 967 888 1028 modo
911 985 975 1048 quo
998 965 1066 1049 ipre
1089 963 1309 1030 Schneidewin
1335 970 1384 1031 est

176 1085 425 1167 interpretatus.
462 1083 546 1148 Nam
577 1087 627 1149 det
659 1105 695 1149 eo
726 1084 795 1149 loco
828 1107 900 1148 oum
932 1084 1091 1150 Franohio
1113 1084 1140 1170 1)
1162 1089 1285 1151 uertere
1309 1109 1382 1171 per:

188 1207 294 1290 iniquo
332 1208 483 1270 amatoris
519 1229 664 1293 responso
695 1219 821 1291 copone·
854 1210 945 1289 dare,
979 1228 1068 1281 error
1099 1209 1148 1272 est
1177 1208 1383 1287 manifestus,

189 1328 278 1389 ortus
312 1347 328 1390 e
351 1327 590 1410 praeoccupatis
613 1327 836 1410 opinionibus;
860 1349 928 1391 neo.
942 1327 1079 1411 petitum
1105 1327 1138 1391 id
1162 1350 1228 1392 esse
1251 1333 1384 1415 apparet

188 1467 228 1511 ex
258 1445 327 1531 ipso
355 1447 474 1532 elegiae
496 1448 666 1512 uerborum
690 1452 844 1513 contextu
868 1449 922 1514 sed
946 1470 962 1512 e
987 1471 1086 1533 praue
1108 1449 1280 1515 intellectis
1305 1451 1383 1516 ulti-

188 1567 248 1631 mis
271 1568 424 1652 epistulae
448 1568 601 1633 uersibus.

234 1687 325 1755 Vitus
356 1689 469 1766 Loers‚
501 1691 556 1775 qui
586 1690 650 1754 iam
680 1690 852 1776 antea,]in
875 1690 1019 1756 Prooem.
1045 1692 1085 1755 sd
1111 1689 1218 1755 Ouidii
1243 1691 1320 1758 Her.
1346 1715 1378 1777 p.

188 1808 311 1894 XLVI,
336 1811 502 1876 studuerat
524 1812 731 1896 comprobare
755 1809 873 1895 Sepph.
899 1833 947 1894 ep.
969 1833 1097 1876 uersum
1120 1813 1273 1876 181011111
1288 1834 1382 1877 uersu

188 1931 244 1996 illo
276 1933 348 1996 Am.
382 1932 422 1996 Il.
458 1934 510 1998 18.
543 1934 586 1998 34
617 1933 736 2018 optime
768 1953 961 2018 congruere,
994 1936 1026 1997 et
1059 1937 1284 2018 argumentum
1309 1935 1384 1998 inde

188 2052 349 2136 petiuerat
380 2073 443 2137 quo
476 2053 628 2137 probaret
658 2055 827 2138 epistulam
859 2076 925 2118 esse
956 2054 1130 2137 genuinum
1154 2052 1262 2118 Ouidii
1284 2076 1381 2138 opus,

190 2173 368 2238 sententiae
391 2174 625 2240 Schneidewini
649 2176 779 2240 minime
803 2175 942 2240 accessit.
968 2173 1089 2240 Contra
1112 2175 1147 2238 in
1171 2175 1252 2240 Mus.
1277 2175 1381 2242 Rhen.

189 2295 230 2360 N.
245 2295 275 2363 S.
307 2294 363 2362 lV.
395 2319 427 2381 p.
452 2295 495 2361 45
526 2318 593 2380 sqq.
629 2297 813 2380 opinionem
845 2293 980 2379 protulit
1009 2295 1163 2379 poetriam
1195 2296 1259 2360 iem
1291 2300 1382 2361 ante-

189 2438 285 2500 quam
319 2418 419 2483 saltus
449 2417 625 2502 perieulum
655 2417 799 2504 fecisset,
833 2417 976 2481 faustum
999 2437 1186 2500 responsum
1211 2439 1230 2480 a
1253 2416 1383 2482 Phaone

188 2538 362 2622 accepisse,
395 2539 504 2622 itaque
533 2560 600 2603 non
631 2537 811 2614 desiluisse,
845 2540 900 2602 sed
929 2541 1036 2602 tamen
1069 2536 1217 2621 Apollini
1247 2540 1382 2603 donasse

188 2658 311 2742 lyram,
343 2681 439 2743 quam
470 2681 544 2724 oum
575 2658 715 2722 uouisset
737 2658 796 2721 deo
822 2657 849 2722 si
870 2657 1018 2745 ‘desiliens
1042 2657 1081 2721 de
1103 2657 1240 2722 Leucate
1265 2659 1382 2722 amoris

190 2782 280 2844 aestu
309 2779 422 2844 fuisset
451 2780 602 2864 liberata,
637 2778 757 2862 optime
787 2777 853 2842 iam
880 2781 958 2842 tuno
989 2783 1095 2862 posset
1123 2781 1198 2843 dare
1221 2800 1293 2843 cum
1317 2778 1380 2844 slio

190 2901 328 2966 remedio
352 2923 451 2986 eoque
476 2901 603 2965 meliore
626 2899 726 2964 amori
749 2900 816 2964 eius
839 2899 950 2963 fnisset
974 2899 1165 2964 consultum.

235 3021 282 3087 At
304 3023 488 3107 diligentior
510 3021 717 3106 inuestigatio
740 3020 833 3086 aliter
856 3041 984 3104 prorsus
1008 3042 1075 3084 sese
1098 3043 1165 3084 rem
1189 3020 1305 3085 habere
1326 3023 1382 3085 do·

190 3144 285 3209 cebit.
320 3144 463 3209 Primum
487 3143 590 3219 enim,
616 3147 652 3206 ut
674 3142 830 3226 sagaciter
854 3142 979 3206 monuit
1002 3139 1199 3226 Comparetti
1222 3143 1245 3208 l.
1258 3143 1278 3206 l.
1304 3164 1378 3228 pag.

193 3264 253 3343 15,
288 3265 315 3330 si
349 3264 479 3349 Sappho
510 3263 612 3348 lyram
643 3285 733 3327 suam
766 3263 857 3327 uouit
886 3262 1048 3346 Apollini,
1083 3263 1153 3346 ipsa
1171 3262 1230 3326 '‘rei
1262 3266 1378 3328 natura

190 3386 330 3450 ostendit
351 3385 550 3450 referendum
572 3385 606 3448 id
629 3406 695 3449 esse
718 3384 758 3448 ad
783 3383 899 3448 saltum
922 3385 961 3448 de
984 3383 1120 3448 Leucate
1139 3384 1380 3467 promunturio;

190 3507 294 3591 lyram
322 3507 423 3590 igitur
455 3507 565 3586 uoueri
593 3504 740 3591 Apollini
771 3504 935 3570 leocadio.
970 3503 1055 3569 Nam
1079 3505 1133 3569 ille
1154 3505 1189 3568 in
1213 3525 1249 3569 eo
1272 3510 1380 3571 monte

191 3629 347 3715 templum
378 3628 518 3693 habebat
547 3627 795 3694 celeberrimum.
843 3624 912 3701 Quo
943 3625 1070 3709 respicit
1101 3623 1220 3711 Sapph.
1251 3647 1300 3711 ep.
1333 3649 1380 3693 us.

194 3749 257 3815 165
282 3772 349 3835 sq.:

189 3961 303 4027 epistulas
327 3962 433 4011 indicare
456 3959 490 4010 ibi
516 3963 623 4011 accurate
649 3959 758 4010 noluisse.
786 3959 859 4009 Cuius
882 3959 917 4008 rei
935 3960 1102 4009 documentum
1119 3960 1206 4009 hebere
1223 3959 1267 4009 sibi
1284 3960 1381 4009 uidetur
1489 3987 1492 3992 ·

159 4095 162 4100 ⁴
191 4045 337 4094 Bodcnrtein
354 4045 379 4093 in
398 4045 457 4093 Am.
478 4044 516 4092 ΙΙ.
536 4044 575 4092 18.
593 4043 649 4092 21εΙ

488 4127 538 4175 Ant
554 4126 617 4190 quod
635 4123 764 4190 Penelopes
780 4124 859 4174 uerbis
876 4125 990 4173 reddatur
1008 4124 1082 4174 Ulixi.

185 4208 284 4259 Scilicet
307 4207 332 4258 in
349 4225 376 4259 eo
395 4224 466 4259 uersu
482 4208 544 4256 illud
561 4208 657 4256 reddere
673 4207 752 4256 minus
768 4210 876 4256 accurate
895 4223 944 4255 esse
962 4207 1064 4265 dietum,
1083 4205 1140 4271 quin
1157 4205 1258 4270 epistula
1275 4205 1318 4256 illu
1334 4206 1379 4254 mi·

188 4293 253 4342 nime
279 4291 352 4340 luerit
378 4289 538 4357 responsorie3
565 4290 662 4338 reddere
684 4291 764 4337 tamen
786 4288 891 4352 potuerit
909 4288 956 4337 diei
972 4291 1067 4337 tentum
1084 4288 1112 4336 de
1130 4302 1249 4351 responso.
1270 4290 1306 4336 At
1322 4291 1380 4336 note

188 4389 227 4423 res
252 4376 286 4422 cet
311 4373 435 4436 wislam
461 4373 558 4422 reddere
573 4371 647 4420 coliem¹
664 4371 748 4420 Latine
764 4369 826 4420 nihil
842 4370 907 4419 eliud
924 4370 1056 4434 significare
1072 4383 1145 4433 qnam
1160 4369 1285 4432 epistulam
1301 4369 1323 4418 ci
1341 4370 1380 4418 oui

187 4456 224 4506 sir
240 4456 355 4519 ἐπετίμα
372 4457 474 4505 tradere.

226 4539 253 4602 1)
272 4541 301 4587 ln
326 4539 451 4588 Addcadir
476 4539 510 4587 ad
539 4535 672 4598 Collinum,
699 4553 722 4602 p.
746 4539 769 4589 1.
787 4537 826 4586 ef.
844 4536 918 4586 etium
936 4536 956 4586 l.
975 4536 1002 4585 0.
1020 4534 1096 4594 Inhn,
1113 4535 1142 4584 de
1159 4533 1242 4583 Ouidii
1258 4538 1283 4585 et
1299 4534 1380 4586 Sebini

186 4620 299 4687 epistulis
315 4624 358 4670 oet.
377 4637 400 4685 p.
419 4622 459 4670 23.
477 4635 500 4668 n.
