3274 5292
830 444 885 526 m

315 622 373 690 Vs.
406 624 461 690 96.
483 622 565 688 Vitii
590 622 718 707 signum
742 627 817 688 8818
840 623 1009 689 lectionem
1033 645 1147 690 vesun
1170 647 1209 691 vr
1234 647 1344 692 susas
1370 650 1463 695 sruss

267 746 452 833 posuimus,
485 766 557 810 cum
580 745 716 829 probare
739 767 808 810 eam
833 746 963 810 minime
986 747 1152 831 possimus.
1177 748 1309 815 Etenim
1330 753 1365 817 in
1389 775 1462 818 sen·

266 869 379 936 tentiis
409 866 473 932 illis
497 867 582 932 inter
606 889 638 932 88
663 867 816 952 oppositis
838 872 912 952 post
934 892 995 934 888
1025 882 1059 935 at
1082 893 1165 935 amec
1188 895 1244 938 oro
1267 873 1382 959 frigide
1405 879 1462 939 ad-

268 990 398 1055 modum
428 990 461 1053 81
490 987 641 1073 languide
665 989 808 1074 sequitur
831 1011 938 1054 aceram
962 1003 996 1054 ut
1018 1015 1125 1056 amare
1148 995 1249 1073 cinae,
1274 999 1359 1080 quod
1383 998 1462 1082 quin

267 1112 490 1196 ludimagistro
522 1110 647 1174 cuidam
677 1111 719 1175 sit
743 1110 985 1175 adscribendum
1008 1111 1115 1197 potius
1139 1136 1235 1198 quam
1259 1121 1370 1202 poetae
1394 1139 1461 1183 non

268 1234 411 1299 dubium.
443 1231 555 1317 Neque
588 1233 629 1297 ob
662 1232 807 1297 metricas
837 1231 975 1296 rationes
999 1236 1106 1318 potest
1129 1235 1257 1300 defendi
1281 1259 1344 1320 us.;
1370 1237 1459 1302 elisio

268 1355 353 1420 enim
392 1353 449 1419 illa
488 1353 628 1439 syllabae
665 1353 700 1417 18
735 1379 767 1418 m
810 1354 954 1419 exeuntis
991 1355 1025 1418 18
1064 1357 1237 1440 posteriore
1267 1360 1459 1443 pentametri

268 1481 377 1563 parte,
413 1476 545 1541 omnino
580 1499 599 1541 a
633 1476 736 1561 poetis
770 1475 894 1541 Latinis
927 1476 1086 1563 plerisque
1113 1479 1239 1558 811818,
1271 1482 1312 1546 81
1342 1480 1458 1548 Ouidio

268 1620 426 1682 nusquam
459 1600 508 1662 est
537 1597 729 1678 adhibita1)
760 1598 829 1674 Qua
860 1602 969 1664 tamen
999 1622 1038 1665 ex
1069 1623 1103 1667 re
1134 1602 1241 1668 minus
1271 1605 1354 1670 recte
1377 1625 1460 1668 non-

269 1720 351 1784 nulli
374 1720 494 1786 efficere
518 1719 689 1785 uoluerunt
708 1720 792 1786 hanc
812 1721 980 1807 epistulam
1002 1745 1068 1788 non
1089 1745 1156 1790 esse
1168 1727 1342 1812 genuinum
1355 1725 1463 1791 Ouidii

268 1862 358 1925 opus.
389 1840 574 1918 Quaerenda
598 1843 705 1927 potius
728 1846 796 1907 erat
820 1845 925 1909 uersui
948 1849 1097 1930 corrupto
1120 1851 1196 1928 apta
1219 1849 1360 1907 medela:
1385 1869 1463 1911 nam

268 1965 452 2048 corruptum
482 1984 548 2027 esse
579 1963 631 2028 uel
663 1985 680 2029 e
710 1965 871 2030 codicibus
894 1965 1002 2049 paullo
1026 1963 1202 2026 accuratius
1224 1958 1376 2043 inspeetis
1400 1982 1458 2044 ap-

268 2087 373 2170 paret,
399 2105 534 2168 quorum
560 2085 676 2149 mirum
700 2091 821 2170 quanta
844 2086 997 2150 uarietate
1020 2079 1170 2144 exhibent
1189 2079 1336 2144 nonnulli
1352 2103 1459 2146 aarum

268 2218 320 2284 ut,
341 2206 484 2291 plerique
504 2210 556 2272 ced
575 2220 609 2272 at
629 2208 680 2272 uel
700 2211 753 2272 8881
772 2209 867 2294 qaod,
889 2202 982 2289 pauci
1001 2205 1054 2266 aad
1073 2213 1101 2265 18
1120 2213 1173 2286 81,
1193 2203 1251 2266 cet.
1270 2201 1360 2279 Quod
1380 2224 1458 2289 quo-

269 2330 363 2393 modo
384 2329 541 2413 possimus
561 2329 717 2414 explicare
737 2348 803 2391 non
815 2325 926 2400 uideo,
939 2323 1002 2386 nisi
1015 2325 1191 2389 statuamus
1203 2322 1300 2388 fuisse
1312 2323 1387 2388 olim
1399 2324 1460 2389 hoo

269 2450 339 2515 loco
362 2450 528 2529 lacunam,
554 2472 572 2514 a
596 2449 691 2514 uariis
715 2446 852 2513 librariis
874 2444 961 2509 uarie
987 2448 1165 2531 expletam,
1188 2447 1234 2510 ita
1258 2450 1295 2510 ut
1306 2449 1379 2533 pot
1390 2452 1459 2526 sed,

269 2573 354 2657 quod
385 2572 562 2656 antiquitus
593 2570 688 2634 fuisse
716 2567 903 2646 uerisimile,
926 2568 979 2632 881
1002 2582 1037 2634 at
1063 2606 1102 2618 -
1127 2569 1221 2633 metri
1244 2591 1338 2634 causa
1360 2569 1460 2634 inter-

269 2693 372 2778 posito
404 2707 433 2759 18
460 2694 495 2757 18
528 2719 570 2776 8,.
594 2716 623 2755 z.
648 2726 690 2738 -
714 2689 765 2754 uel
797 2693 880 2776 quod
911 2690 980 2755 8188
1005 2691 1089 2755 18818
1114 2688 1246 2777 888881)
1271 2690 1458 2774 adderetur,

268 2815 319 2881 uel
341 2819 458 2881 temere
477 2811 721 2897 interpolaretur
741 2835 849 2876 888888
869 2825 913 2878 at.
933 2811 985 2878 Sic
1005 2813 1101 2877 etiem
1119 2813 1288 2877 uidebatur
1307 2811 1459 2891 Heinsio,

266 2938 322 3023 qui
353 2937 482 3002 sustulit
503 2934 628 2999 'uitium
661 2935 863 3003 coniciendo:
887 2959 935 3001 me
958 2939 1138 3001 8881888888
1161 2937 1253 2999 81888.
1278 2933 1458 3011 Baehrens,

264 3058 320 3124 1.1.
345 3081 376 3142 p.
400 3057 463 3135 58,
484 3059 520 3120 ut
540 3055 673 3122 lacunae
694 3058 783 3142 origo
800 3057 1040 3143 intellegeretur
1060 3057 1190 3121 maluit:
1207 3027 1263 3121 888
1282 3059 1336 3121 sed
1353 3078 1460 3120 amore

265 3181 366 3254 81888,
392 3179 493 3242 etita
517 3181 601 3242 88818
625 3201 657 3243 88
680 3178 778 3262 habet
801 3201 920 3246 uersus.

311 3299 421 3364 Potest
454 3301 563 3364 temen
588 3302 620 3364 81
642 3301 704 3365 188
727 3301 855 3366 fierint
878 3300 1034 3366 efficacius
1057 3301 1174 3376 multo,
1200 3299 1460 3383 interpunctione

267 3422 358 3507 graui
391 3426 468 3486 ante
500 3446 606 3488 amore
636 3422 758 3506 posita,
783 3422 824 3487 sit
846 3422 1018 3507 legendum
1043 3443 1144 3486 amere
1167 3423 1267 3496 81888,
1293 3422 1327 3485 81
1350 3441 1461 3484 uersus

265 3541 363 3607 fuerit
387 3544 462 3608 olim
489 3549 659 3629 conceptus
683 3545 716 3608 in
742 3544 828 3609 hunc
852 3545 1000 3610 modum:

466 3664 541 3732 Non
565 3672 601 3732 81
624 3689 709 3732 ames
733 3687 788 3731 oro
801 3714 944 3731 .......
954 3689 962 3741 ;
989 3686 1092 3729 amere
1116 3665 1210 3730 sinas.
1226 3665 1251 3748 ³)

266 3767 1457 3872 ammmmmmwmmmmmm

490 3908 547 3975 Nil
571 3908 649 3973 mihi
671 3908 824 3973 rescribas
847 3910 884 3972 ut
906 3911 1030 3985 tamen;
1055 3907 1124 3992 ipse
1146 3907 1235 3971 ueni!

313 4030 404 4095 Inter
427 4054 480 4095 cro
506 4034 538 4095 81
561 4053 662 4095 amere
686 4067 725 4077 -
752 4029 813 4093 hoc
836 4030 863 4093 si
883 4029 1037 4094 sumimus
1058 4067 1098 4076 -
1119 4028 1310 4092 uocabulum
1330 4027 1459 4112 aliquod

303 4267 330 4332 1)
349 4268 408 4316 Luc.
426 4265 544 4323 Mueller,
563 4266 591 4313 de
608 4281 633 4313 re
650 4267 720 4314 metr.
738 4281 761 4329 p.
780 4266 843 4322 330;
861 4263 1024 4326 Escheuburg,
1043 4263 1116 4311 Metr.
1130 4263 1270 4312 Untersuch.
1287 4265 1331 4311 cet.
1349 4263 1423 4328 [815.

302 4351 403 4412 911188
429 4349 493 4398 enim
516 4350 579 4396 recte
604 4348 629 4396 id
655 4347 761 4396 defendit
787 4348 919 4394 Bersmann
948 4344 1046 4392 laudans
1072 4343 1143 4392 Trisl.
1164 4345 1193 4392 V.
1212 4345 1234 4392 1.
1253 4345 1296 4395 16:
1316 4347 1460 4395 Pramnoaeo

262 4448 390 4496 numquam
407 4431 496 4496 sarepta
512 4431 575 4494 quod
590 4430 631 4479 ille
648 4432 725 4494 lepat,
742 4445 788 4493 quo
806 4443 889 4486 uersu,
908 4427 981 4476 etiam
995 4426 1015 4476 si
1029 4426 1062 4474 ibi
1077 4429 1196 4476 constaret
1209 4426 1280 4476 lectio
1294 4427 1380 4486 citata,
1396 4428 1460 4477 nihil

266 4518 347 4564 tomen
364 4514 461 4562 omnino
477 4511 615 4576 comprobat
617 4527 656 4560 am
673 4512 705 4560 iri
723 4513 829 4575 apparet.

303 4595 385 4661 3.)01
403 4595 453 4643 siae
469 4595 551 4642 credat
568 4595 621 4643 Am.
639 4594 659 4642 I.
680 4595 701 4642 8.
721 4591 764 4650 71;
784 4592 834 4640 rina
850 4607 924 4640 errem
940 4593 992 4640 Am.
1013 4591 1059 4640 ΙΙΙ.
1080 4593 1117 4640 11.
1137 4593 1182 4652 99,
1197 4592 1331 4658 siaefurta
1346 4597 1461 4708 teporatur

267 4678 335 4728 Aa
353 4677 389 4726 11.
410 4676 469 4734 5555
488 4675 562 4724 818118
572 4677 659 4740 seram
675 4673 747 4722 '1¹rist.
766 4675 790 4722 1.
809 4675 832 4723 9.
852 4674 890 4722 69.
