3274 5292
724 474 786 544 100

198 659 377 745 Anaphora
406 683 452 727 us.
486 661 569 739 200,
599 661 661 725 201
688 665 815 744 poetam
838 684 931 726 usum
955 684 1021 727 0000
1044 662 1135 727 aiunt
1157 666 1193 726 ut
1216 682 1337 727 morem

153 782 346 865 exprimeret
379 780 544 867 Sapphus,
576 782 627 847 cui
656 782 760 866 figura
784 782 840 846 illa
863 783 956 847 ualde
979 783 1076 848 fuerit
1099 784 1263 848 familiaris
1291 783 1344 870 (cf.

152 902 275 988 Micyll.
304 904 344 968 ad
376 903 408 967 h.
440 906 511 989 00).
544 902 605 968 Sed
636 904 769 968 eandem
800 925 867 968 rem
897 903 1019 969 Nasoni
1044 926 1175 989 quoque
1201 905 1348 989 inprimis

155 1026 253 1091 fnisse
284 1027 447 1112 propriam
479 1028 511 1090 00
541 1026 727 1091 sollemnem
759 1029 850 1090 docet
875 1027 970 1092 Loers
995 1028 1035 1091 ad
1062 1027 1093 1094 h.
1120 1049 1165 1092 ns.
1191 1025 1239 1094 Of.
1264 1049 1290 1091 e.
1318 1047 1349 1112 g.

157 1147 234 1213 Her.
258 1149 302 1213 II.
327 1150 370 1214 40
394 1170 474 1233 sqq.,
500 1147 577 1213 Met.
597 1148 670 1214 VII.
694 1150 758 1214 228
779 1171 824 1234 sq.
847 1149 982 1234 (Sapph.
1010 1172 1058 1234 ep.
1083 1171 1145 1214 uss.
1173 1149 1349 1229 127‚128).

205 1269 261 1334 Vs.
289 1271 364 1336 200.
384 1271 560 1348 besaines,
584 1268 715 1335 Ancum
739 1290 864 1335 nonina
889 1290 985 1335 mora
1010 1290 1118 1355 crau,
1144 1271 1184 1335 cf.
1208 1269 1281 1335 Am.
1305 1269 1350 1334 II.

160 1391 212 1456 18.
237 1392 298 1455 26:
413 1389 542 1455 Aeoliae
566 1390 674 1456 Lesbis
697 1391 799 1457 amica
822 1377 918 1476 lyrae.

159 1511 238 1576 Hor.
265 1509 300 1578 O.
325 1510 366 1575 Π.
396 1511 449 1577 13.
475 1513 519 1576 24
543 1535 610 1598 sq.:
856 1511 857 1514 ’

524 1633 645 1700 Aeoliis
669 1634 785 1699 fidibus
808 1637 994 1718 querentem

478 1754 607 1841 Sappho
630 1756 743 1841 puellis
768 1759 806 1821 de
829 1756 1047 1841 popularibus.

159 1875 199 1942 cf.
225 1875 340 1943 Strabo
364 1876 455 1941 XIII.
482 1878 511 1940 2.
541 1878 579 1962 13
607 1879 636 1942 3.
669 1877 700 1942 6.

206 2122 263 2190 Vs.
289 2124 351 2187 201
378 2122 561 2207 scripsimus
585 2126 622 2187 ut
646 2145 728 2188 unns
752 2124 807 2188 ille
825 2125 858 2210 f.
883 2124 1009 2209 egregie
1032 2124 1147 2190 tradIt:
1172 2124 1356 2203 10001000,

164 2265 313 2309 moenum
334 2264 417 2316 evan
443 2265 488 2307 nn
514 2265 659 2308 rnoisms
684 2265 831 2324 ananan,
854 2246 939 2330 quod
962 2246 997 2310 in
1022 2245 1151 2329 reliquis
1175 2250 1266 2314 codd.
1289 2247 1356 2311 sine

164 2366 229 2431 ullo
252 2388 347 2431 sensu
370 2367 528 2430 mutatum
552 2368 601 2430 est
626 2366 677 2431 in:
702 2368 854 2451 infamem
877 2391 954 2454 quae
978 2391 1025 2433 me
1044 2368 1164 2453 fecistis
1190 2388 1310 2434 00000.

213 2487 351 2552 Aeaeae
383 2490 491 2552 tamen
519 2488 634 2552 acriter
661 2488 833 2572 impugnat
864 2487 1026 2553 Baehrens
1059 2488 1081 2553 l.
1112 2488 1133 2551 l,
1162 2512 1193 2573 p.
1219 2490 1280 2567 64,
1305 2511 1356 2554 as·

166 2631 314 2676 00000000
337 2631 407 2674 eam
426 2610 595 2674 lectionem
615 2611 641 2674 si
662 2609 906 2694 amplectamur,
927 2611 1067 2678 adnuere
1078 2611 1233 2695 poetriam
1246 2633 1357 2675 uerum

167 2753 234 2797 0000
263 2731 383 2796 crimen
413 2731 494 2796 illud
517 2731 695 2809 τριβκδικῆς
719 2733 891 2810 aaeayaae
917 2732 978 2798 sibi
1005 2755 1024 2796 o
1048 2733 1157 2797 mullis
1181 2732 1357 2798 obiectum.

166 2851 257 2929 Quod
288 2875 362 2918 uero
394 2876 432 2918 ex
463 2853 527 2918 illis
559 2854 664 2918 uerbis
695 2853 776 2919 effici
805 2857 964 2939 quomodo
996 2855 1122 2940 possit?
1156 2854 1271 2939 quibus
1296 2855 1357 2920 hoc

163 2980 290 3041 tantum
314 2976 392 3042 dicit
411 2976 541 3061 Sappho
563 2977 686 3062 puellas
706 2977 777 3042 illas
801 2977 847 3041 ita
872 3000 891 3041 a
915 2999 947 3042 se
971 2999 1037 3042 esse
1060 2981 1182 3042 amatas
1209 2980 1247 3042 00
1265 2973 1356 3042 fieret

165 3097 235 3181 ipsa
265 3098 413 3184 infamia,
445 3102 483 3162 ut
504 3099 681 3163 incurreret
704 3097 739 3162 in
763 3099 932 3164 hominum
955 3099 1249 3185 reprehensionem,
1274 3098 1307 3163 h.
1332 3121 1359 3163 e.

166 3221 204 3283 ut
226 3243 287 3284 aaa
310 3223 374 3285 eine
396 3222 522 3286 crimine
547 3245 597 3286 eac
622 3235 760 3299 amaret,
773 3243 903 3306 prorsus
915 3221 1015 3306 igitur
1026 3221 1110 3285 idem
1122 3221 1207 3306 quod
1220 3220 1299 3284 dicit
1309 3242 1356 3284 ns.

170 3341 228 3405 19:
253 3339 355 3427 Atque
378 3343 457 3407 aliae
480 3355 614 3426 centum,
640 3368 718 3430 quac
740 3367 802 3408 aaa
817 3346 888 3422 ciac
910 3344 1037 3408 crimine
1060 3344 1168 3407 amani
1191 3342 1249 3426 (sic
1272 3341 1357 3404 enim

167 3461 338 3546 legendnm
363 3485 430 3528 0000
457 3485 515 3548 pro
542 3467 629 3528 certo
656 3464 808 3528 habemus
826 3466 859 3529 et
880 3464 915 3528 in
940 3464 1109 3528 comment.
1134 3463 1174 3527 ad
1197 3462 1284 3526 hunc
1307 3460 1358 3527 lo-

169 3605 242 3648 cum
265 3584 497 3649 demonstrasse
516 3585 608 3649 nobis
628 3585 797 3670 uidemur).
818 3584 921 3660 Quare
935 3584 1066 3649 minime
1077 3605 1245 3669 possumu
1257 3583 1360 3647 faeere

169 3726 242 3769 cum
273 3703 467 3770 Baehrensio
498 3706 694 3772 coniciente:
727 3708 879 3793 infamem
901 3730 986 3792 qaae
1017 3729 1064 3771 me
1085 3707 1361 3792 familiaricae,

169 3825 256 3908 quod
288 3825 356 3910 ipse
380 3827 611 3912 interpretatur
636 3849 763 3893 »amore
786 3828 841 3892 illo
867 3849 931 3911 quo
955 3849 1005 3891 me
1028 3827 1169 3912 stipastis
1193 3832 1359 3892 canentem

168 3947 265 4029 atque
294 3951 479 4030 prosecutae
511 3950 603 4028 estis,
635 3949 781 4013 effecistis
812 3950 849 4012 ut
879 3948 1062 4033 turpissima
1085 3946 1195 4012 fabula
1218 3947 1360 4036 fierem’·’.

168 4065 321 4133 Amorem
353 4091 428 4135 nero
451 4070 543 4135 illum
567 4072 677 4155 utique
697 4070 794 4134 fuisse
818 4072 965 4134 mutuum
989 4091 1048 4134 nec
1070 4072 1199 4134 tantum
1221 4071 1360 4132 amatam

168 4211 237 4254 esse
268 4188 471 4275 Sapphonem
503 4215 522 4256 a
544 4193 659 4277 puellis
681 4192 763 4269 illis,
789 4213 899 4256 uerum
923 4191 1019 4256 etiam
1043 4190 1114 4256 illas
1138 4189 1270 4272 abipsa
1293 4211 1360 4254 esse

165 4314 291 4376 amatas
316 4351 356 4360 —
381 4314 500 4398 optime
522 4315 622 4399 igitur
646 4314 724 4379 dici:
738 4313 889 4400 infamem
901 4335 977 4399 qaae
990 4335 1038 4377 me
1046 4313 1166 4398 fecistis
1178 4323 1302 4375 amatae
1316 4349 1358 4360 -

162 4437 234 4501 iam
256 4457 313 4520 per
336 4458 368 4500 00
391 4440 499 4521 patet,
525 4437 734 4501 confirmatur
757 4439 864 4501 antem
889 4456 984 4498 rrersu
1010 4434 1073 4498 20:

378 4555 544 4642 Improbe,
570 4559 741 4624 multarum
766 4560 849 4644 qnod
867 4557 952 4642 fcit,
975 4575 1059 4618 unus
1084 4553 1192 4618 habes.
