3324 5284
189 639 302 703 studiis
332 637 573 702 humanioribus
602 637 749 701 alacriter
779 657 910 721 pergam
944 641 992 712 ct,
1025 659 1121 720 quam
1144 636 1192 701 'Pu
1217 637 1381 721 discipulis

190 763 368 822 mansitare
391 759 532 834 solabar,
556 759 642 822 uiam
665 758 798 822 firmiter
820 758 976 821 insistam.

237 879 356 944 (icteris
391 901 516 964 quoque
551 879 637 944 Viris
671 878 876 963 Clarissimis,
912 879 1026 963 quibus
1062 879 1319 963 praeceptoribus
1351 883 1383 943 et

191 1003 368 1067 fautoribus
391 1004 425 1066 in
449 1003 509 1066 hac
534 1002 704 1066 Academia
729 1025 803 1066 usus
827 1024 914 1078 sum,
936 1001 1054 1085 gratias
1073 1002 1174 1065 habeo
1194 1000 1381 1086 habeboque

191 1125 338 1189 sinceras.

237 1246 432 1310 Professores
454 1247 487 1309 in
513 1245 598 1309 alma
617 1245 782 1309 Musarum
806 1245 879 1308 sede
903 1244 1085 1321 Benacum,
1111 1266 1244 1329 quorum
1271 1244 1383 1309 lectio-

192 1367 286 1431 nibus
329 1389 386 1451 per
420 1368 499 1430 anni
536 1367 674 1451 spatium
715 1366 865 1429 interesse
905 1365 983 1428 mihi
1019 1366 1174 1450 contigit,
1207 1366 1298 1430 enixe
1331 1386 1383 1428 ro-

191 1492 283 1571 gatos
307 1489 403 1552 uelim
427 1492 463 1551 ut
486 1489 546 1552 sibi
570 1509 752 1573 persuasum
778 1488 917 1551 habeant
939 1509 989 1550 me
1012 1491 1105 1570 grato
1129 1508 1253 1570 semper
1273 1487 1380 1550 animo

190 1610 448 1686 recordaturum,
471 1613 627 1693 qnantum
652 1631 759 1672 eorum
784 1611 817 1672 et
840 1608 1011 1672 eruditioni
1033 1611 1066 1671 et
1088 1607 1280 1672 humanitati
1303 1611 1336 1671 et
1347 1608 1383 1670 in

192 1752 242 1794 me
267 1731 508 1795 beneuolentiae
532 1731 672 1795 debeam.
697 1730 788 1806 Quod
813 1729 885 1794 Tibi
909 1730 1056 1814 inprimis
1079 1729 1198 1795 dietum
1223 1730 1282 1806 sit,
1309 1728 1383 1794 Gla·

191 1851 313 1915 rissime
332 1850 545 1928 Bracmanum
567 1855 751 1935 praeceptor
776 1851 884 1915 moltis
908 1851 1090 1916 nominibus
1114 1852 1290 1926 carissime,
1316 1850 1384 1915 Vo-

192 1971 302 2054 bisque
332 1972 428 2035 etiam
458 1972 497 2037 R.
523 1969 677 2048 Kamai,
709 1971 900 2047 Serranam,
929 1971 1073 2048 Vesana,
1098 1970 1168 2036 Viri
1192 1971 1384 2050 Clarissimi,

193 2113 211 2154 a
241 2093 357 2175 quibus
387 2094 422 2157 in
454 2094 550 2158 uariis
582 2093 768 2178 disciplinae
788 2097 920 2158 nostrae
944 2093 1089 2177 partibus
1112 2094 1240 2158 institui
1264 2115 1384 2178 magno

193 2213 271 2276 mihi
295 2213 358 2278 fuit
381 2218 413 2278 et
436 2214 553 2298 gaudio
576 2219 607 2280 et
630 2216 855 2281 emolumento.

237 2333 283 2398 At
306 2335 399 2418 grati
413 2337 513 2399 animi
537 2358 663 2400 sensum
689 2336 793 2400 uerbis
816 2336 979 2400 testificari
1003 2337 1066 2399 iam
1088 2340 1285 2420 supersedeo.
1311 2336 1383 2402 Hoc

193 2458 278 2520 enim
309 2459 415 2540 potius
447 2459 526 2522 mihi
555 2464 603 2523 est
632 2462 792 2544 agendum
824 2462 860 2522 ut
891 2457 983 2523 factis
1011 2460 1153 2524 studeam
1177 2460 1385 2544 comprobare
1423 2444 1427 2453 ¹

193 2599 255 2661 quo
287 2599 363 2663 erga
394 2579 460 2643 Vos
491 2601 601 2643 omnes
628 2580 734 2644 animo
758 2581 836 2644 sim.
881 2579 932 2643 Ita
963 2581 1090 2644 demum
1113 2581 1181 2645 fieri
1205 2581 1323 2664 poterit
1347 2583 1384 2643 ut

192 2701 364 2785 aliquando
403 2700 516 2764 talium
564 2700 713 2766 Virorum
754 2701 915 2765 benefieiis
964 2722 1029 2765 non
1069 2687 1200 2787 ¹prorsus
1231 2703 1384 2786 indignus

192 2823 337 2907 reperiar.
