3274 5292
762 433 825 496 139

199 641 271 684 eum
303 618 472 683 uerborum
504 617 726 682 emendatione
752 617 941 697 coniuncta,
965 622 1038 703 post
1061 619 1238 704 praeclaras
1261 617 1387 684 Heinsii

198 745 230 806 et
254 741 424 826 diligentes
447 739 627 804 Burmanni
650 747 740 805 111111
763 740 910 824 neglecta
933 739 999 805 fere
1023 740 1138 818 iacuit,
1162 741 1263 806 donec
1287 763 1387 826 nuper

196 864 324 927 demum
360 862 521 926 Baehrens
557 862 604 947 (in
641 862 910 927 commentatione
941 863 1065 946 saepius
1096 862 1160 926 iam
1192 863 1385 950 significata)
1513 900 1515 904 ·

195 977 337 1049 ostendit
371 986 529 1068 quantum
563 984 637 1048 inde
672 983 811 1062 fructus,
844 983 930 1048 uiam
956 983 982 1048 si
1006 983 1225 1068 ingrediamur
1247 986 1382 1061 rectam,

195 1109 303 1190 posset
333 1106 521 1170 redundare.
557 1104 676 1180 Quodsi
705 1105 789 1170 enim
821 1105 1002 1170 inuenimus
1026 1107 1181 1189 quaedam
1211 1105 1387 1171 insolenter

196 1225 283 1289 dicte
317 1226 369 1290 uel
402 1226 481 1290 mire
513 1248 678 1310 expressa,
709 1225 860 1291 iudicium
889 1229 998 1291 tamen
1029 1249 1068 1291 ex
1098 1227 1137 1291 iis
1168 1227 1206 1290 de
1230 1226 1385 1312 epistulae

198 1347 322 1432 origine
353 1347 454 1412 faeere
485 1369 551 1412 non
580 1369 748 1433 possumus
771 1351 941 1433 autequam
964 1370 1149 1432 persuasum
1175 1349 1266 1413 nobis
1289 1349 1388 1414 habe·

198 1490 268 1533 mus
293 1469 337 1534 sie
361 1473 393 1534 et
416 1492 483 1534 non
507 1470 599 1535 aliter
623 1470 783 1554 scripsisse
806 1470 910 1555 ipsum
934 1473 1071 1554 poetam.

242 1589 333 1666 Quod
366 1594 472 1655 autem
503 1591 620 1655 attinet
650 1591 690 1655 ed
723 1592 825 1658 artem
847 1591 1030 1675 metricam,
1054 1591 1236 1675 inquirendi
1260 1591 1294 1655 in
1318 1613 1388 1655 eam

197 1715 303 1796 partes
336 1711 397 1777 sibi
432 1715 640 1796 susceperunt
672 1711 882 1797 Escheuburg
913 1713 1089 1798 (Menesthe
1120 1711 1387 1798 Uetercccliunpea

198 1835 286 1898 aeder
309 1836 357 1898 dio
380 1832 539 1898 Aeoliae
562 1835 617 1898 der
639 1833 792 1899 Heroides
810 1839 861 1900 dee
885 1833 964 1898 Ocicl
976 1831 1002 1919 ¹)
1023 1836 1056 1898 et
1074 1833 1194 1898 Theod.
1208 1832 1279 1897 Birt
1289 1832 1386 1918 (Mus.

197 1953 302 2018 Bhen.
335 1953 472 2018 XXXII.
504 1977 536 2039 p.
570 1956 635 2020 389
667 1956 760 2041 sqq.).
792 1955 933 2032 Quorum
965 1955 1019 2019 ille
1042 1954 1312 2039 comparationem
1335 1955 1387 2018 in·

197 2074 305 2139 stituit
336 2075 602 2140 accuratissimam
633 2076 718 2140 inter
748 2077 893 2161 singulas
922 2075 1097 2141 Horoidum
1130 2077 1280 2161 epistulas
1304 2078 1388 2140 cete·

197 2218 311 2281 rosque
330 2195 438 2261 Ouidii
455 2196 563 2262 libros.
586 2197 631 2261 ut
650 2219 773 2262 summa
793 2197 1106 2282 11111111111111111111
1118 2197 1181 2261 fuit
1193 2198 1228 2260 in
1241 2197 1388 2281 Sapphus

198 2318 348 2401 epistula,
385 2339 578 2402 quamquain
614 2341 651 2383 ea
682 2320 792 2384 ceteris
823 2320 858 2383 in
889 2318 983 2383 rebus
1015 2318 1153 2382 metricis
1186 2339 1256 2381 cum
1281 2315 1389 2381 Ouidii

198 2439 345 2523 genuinis
377 2439 521 2524 epistulis
546 2441 665 2525 optime
688 2440 870 2505 concineret
893 2440 969 2519 (uid.
995 2439 1259 2504 commentarium
1283 2460 1388 2503 meum

200 2562 239 2624 ed
264 2583 327 2625 uss.
355 2563 413 2639 19,
440 2563 501 2639 23,
527 2563 587 2638 43,
615 2562 675 2640 85,
702 2562 785 2639 108,
812 2561 895 2639 111,
930 2561 1024 2646 184),
1050 2561 1129 2624 duas
1153 2562 1261 2624 tamen
1283 2559 1387 2623 inesse

198 2703 249 2746 res
271 2705 352 2766 quae
376 2684 465 2748 nullo
488 2684 633 2768 exemplo
656 2693 787 2768 possent
810 2681 947 2748 defendi.
976 2682 1112 2746 Minime
1136 2681 1222 2746 enim
1245 2683 1331 2745 recte
1354 2701 1388 2743 se

199 2802 316 2868 habere
340 2826 467 2869 uersum
492 2805 554 2869 40:

380 2924 478 2990 Nulla
500 2925 611 2990 futura
632 2928 690 2990 tua
712 2927 777 3005 111,
801 2924 891 2989 nulle
915 2923 1023 2989 futura
1047 2925 1176 2987 tuaest

197 3047 234 3111 in
255 3068 318 3131 quo
342 3049 535 3132 pentametri
554 3051 660 3132 partes
680 3047 768 3132 prior
785 3051 817 3111 et
834 3047 992 3130 posterior
1010 3049 1115 3110 essent
1133 3045 1230 3130 plane
1242 3045 1387 3122 eaedem3

199 3168 312 3233 deinde
334 3169 370 3233 in
395 3191 440 3234 us,
467 3167 529 3234 96:

380 3289 456 3356 Non
481 3294 517 3354 ut
542 3313 626 3355 ames
651 3312 724 3374 oro,
749 3311 857 3355 uerum
884 3293 921 3353 ut
945 3311 1050 3352 amare
1072 3289 1158 3352 sines

199 3412 361 3477 elisionem
386 3412 527 3495 syllabae
549 3412 583 3477 in
607 3437 639 3476 m
663 3411 807 3477 exeuntis
829 3411 978 3496 inparte
1002 3410 1195 3495 pentametri
1214 3410 1387 3494 posteriore

67 3583 70 3592 ,
197 3533 355 3612 inueniri,
380 3555 462 3618 quae
486 3534 526 3598 ab
550 3533 665 3599 Ouidio
689 3535 794 3599 aliena
816 3535 899 3598 esset
921 3532 1101 3597 iudicanda.

245 3653 325 3720 Cum
357 3676 434 3719 uero
466 3655 505 3719 de
534 3659 668 3740 utroque
692 3655 748 3719 illo
771 3676 864 3718 uersu
887 3654 922 3718 in
947 3653 1174 3718 commentario
1199 3653 1264 3717 iam
1288 3652 1388 3718 11111111

198 3775 336 3858 egerim,
362 3776 423 3840 hoc
446 3779 573 3840 tantum
597 3776 711 3840 addere
736 3775 831 3840 uelim
856 3775 955 3840 uideri
977 3774 1057 3839 mihi
1081 3796 1132 3838 me
1155 3775 1387 3840 demonstrasse

197 3897 233 3960 in
257 3901 370 3962 neutro
393 3898 495 3962 inesse
513 3887 687 3982 ¹quicquam
712 3900 798 3982 quod
821 3919 888 3962 non
911 3897 1043 3961 miserae
1055 3897 1197 3961 codicum
1211 3896 1389 3961 conditioni

199 4017 391 4082 tribueretur
409 4019 514 4103 potius
533 4040 628 4103 qnam
650 4021 689 4082 de
704 4019 852 4083 uniuersa
862 4017 999 4102 epistula
1010 4018 1222 4101 suspicionem
1234 4019 1386 4082 moueret.

244 4138 318 4202 Alia
349 4139 503 4223 quaedam
534 4144 647 4205 contra
677 4139 839 4204 metricam
870 4141 972 4203 artem
995 4140 1129 4224 protulit
1152 4138 1269 4202 Theod.
1295 4136 1386 4212 Birt,

197 4259 243 4324 l.l.
269 4283 302 4344 p.
328 4260 392 4324 390
417 4263 450 4324 et
474 4262 549 4325 393.
574 4284 606 4328 n.
632 4263 669 4339 3,
694 4261 830 4326 seilicet:

198 4379 341 4444 »Versus
367 4380 431 4445 113
455 4382 629 4468 Postquam
653 4407 683 4448 ee
707 4384 796 4448 dolor
815 4386 952 4472 11111111,
978 4405 1029 4448 aec
1047 4393 1174 4470 pectora
1192 4382 1302 4469 plonpc'
1320 4401 1386 4444 non

235 4637 261 4705 1)
280 4639 364 4704 Progr.
383 4637 692 4706 Gymn.Lnebecl‹.18'14.
