3274 5292
836 393 898 460 136

260 601 334 665 pag.
361 580 415 665 19)
440 582 489 643 est
510 598 694 662 responsum
721 597 788 640 non
812 574 907 640 licere
931 597 1036 658 neque
1055 576 1160 659 ipsum
1179 574 1331 640 Ouidium
1351 598 1456 660 neque

261 722 451 786 quemquam
464 700 561 763 alium
574 701 699 783 poetam
715 697 765 762 uel
778 700 933 761 oratorem
948 696 1109 780 Latinum,
1122 697 1243 761 bonum
1255 696 1307 761 uel
1320 698 1449 776 malum,

260 829 326 886 tam
350 821 513 887 inauditae
532 819 754 904 neglegentiae
776 841 941 897 accusare,
960 823 997 883 ut
1017 819 1219 904 Sapphonem
1233 819 1452 884 nominantem

260 942 370 1007 lecerit
400 961 527 1020 magam
558 943 743 1024 quamdam,
775 961 856 1024 quae
881 940 1024 1023 Pompeii
1047 942 1174 1004 demum
1198 943 1301 1004 aetate
1324 939 1451 1004 uixerit.

306 1064 418 1148 Neque
448 1063 580 1127 omnino
607 1061 761 1126 Erichtho
792 1062 848 1125 illa
879 1061 1079 1144 Lucaniana,
1107 1083 1187 1146 quae
1211 1065 1279 1126 erat
1301 1083 1396 1146 maga
1420 1065 1455 1126 et

262 1206 393 1249 »manes
417 1183 501 1248 exire
524 1181 697 1267 sepulcris’
723 1187 849 1267 poterat
869 1203 998 1267 eogere,
1017 1186 1126 1248 eadem
1146 1187 1252 1268 potest
1271 1205 1337 1248 esse
1355 1186 1454 1268 atque

262 1327 314 1384 ea,
347 1308 385 1370 de
416 1327 478 1390 qua
508 1305 560 1368 hic
592 1305 715 1388 agitur,
748 1305 865 1389 quippe
895 1326 976 1388 quae
1003 1303 1170 1368 Furiarum
1195 1326 1282 1368 more
1306 1305 1454 1370 homines

262 1421 416 1511 exagitet.¹
435 1425 529 1492 Vnde
552 1429 584 1490 et
608 1426 671 1489 duo
694 1426 827 1490 minoris
852 1426 945 1508 pretii
969 1426 1090 1490 codices
1111 1426 1263 1490 exhibent
1282 1428 1400 1513 Erinys
1415 1424 1454 1513 1),

262 1571 358 1634 quam
381 1551 489 1613 tamen
514 1549 681 1612 lectionem
705 1570 722 1612 e
747 1551 852 1632 glossa
877 1569 942 1612 esse
966 1552 1068 1612 ortam
1092 1548 1261 1613 uerisimile
1285 1551 1343 1613 cst.

307 1669 354 1736 At
376 1690 488 1754 rogare
512 1669 625 1752 uelim,
651 1692 728 1734 num
753 1669 833 1733 illud
858 1673 906 1733 est
927 1670 1119 1733 credendum
1139 1668 1303 1742 Lucanum
1315 1671 1454 1754 primunr

264 1793 414 1858 Erichtho
437 1812 555 1855 nomen
580 1813 765 1874 usurpasse,
792 1790 844 1855 uel
867 1811 994 1874 magam
1018 1791 1107 1854 illam
1127 1791 1340 1856 Thessalicam
1359 1791 1457 1856 fuisse

264 1913 418 1998 primam,
449 1933 530 1996 quae
561 1933 598 1975 eo
630 1912 759 1975 nomine
791 1911 1027 1996 appellaretur?
1067 1910 1185 1976 Nonne
1215 1912 1285 1996 ipsa
1317 1913 1456 1978 nominis

264 2036 368 2100 forma
409 2056 445 2099 eo
488 2034 632 2098 ducimur
675 2034 712 2096 ut
753 2032 907 2097 Erichtho
950 2033 1026 2097 olim
1067 2055 1140 2097 cum
1182 2033 1335 2126 Frinpsin
1378 2055 1456 2098 con-

264 2157 407 2248 iunctam
442 2155 537 2219 fuisse
572 2157 756 2218 sumamus?
803 2152 883 2218 (lum
918 2155 1104 2239 praesertim
1138 2157 1264 2219 constet
1287 2176 1456 2219 numerum

266 2279 431 2343 Furiarum
467 2280 506 2341 ad
541 2281 604 2341 tres
638 2299 705 2341 esse
738 2278 904 2341 reductum
940 2279 1044 2340 aetate
1079 2277 1206 2341 demum
1237 2277 1457 2362 Euripidis-²),

265 2400 445 2482 multasque
481 2389 559 2462 olim
591 2397 687 2461 fuisse
718 2396 869 2482 Erinyes,
903 2420 1037 2480 quarum
1070 2399 1221 2462 memoria
1259 2391 1343 2483 apud
1378 2399 1458 2464 scri·

265 2523 371 2605 ptores
395 2519 488 2583 nobis
512 2519 696 2602 superstites
719 2539 785 2582 non
809 2521 920 2584 exstet.
947 2519 1137 2603 Antiquitas
1161 2501 1236 2584 uero
1260 2520 1323 2584 iam
1344 2521 1457 2604 cogni-

266 2639 334 2707 tum
368 2641 464 2706 fuisse
494 2642 645 2706 Erichtho
669 2661 803 2726 nomen,
830 2643 922 2703 docet
944 2661 1003 2704 nos
1027 2643 1137 2724 patera
1160 2641 1349 2724 perantiqua
1372 2639 1457 2705 Her-

266 2765 444 2848 bipolitana
466 2763 508 2847 t),
546 2762 580 2825 in
616 2783 679 2844 qua
713 2761 851 2825 feminae
886 2760 1011 2825 cuidam
1041 2763 1089 2825 est
1120 2762 1315 2844 adscriptum
1338 2783 1459 2828 nomen

267 2893 439 2948 ΕΡΙΧΘΩ.
472 2881 670 2966 Quamquam
702 2902 777 2945 uero
809 2902 875 2945 non
907 2882 983 2946 satis
1016 2886 1141 2946 constat
1173 2905 1253 2966 quae
1283 2883 1378 2948 fuerit
1403 2883 1460 2948 illa

266 3007 402 3082 femina,
435 3025 500 3068 non
532 3004 599 3067 sine
630 3003 773 3068 ueritatis
805 3007 942 3086 quadam
968 3005 1070 3088 speeie
1093 3007 1199 3088 potest
1223 3004 1326 3069 conici
1339 3005 1365 3090 ⁴)
1390 3027 1460 3068 eam

266 3125 363 3190 fuisse
387 3125 563 3209 nympham
587 3125 760 3207 marinam,
787 3125 838 3188 cui
861 3124 983 3188 furialis
1000 3126 1063 3189 'illa
1084 3129 1198 3190 natura
1218 3129 1328 3210 postea
1348 3125 1390 3190 sit
1410 3126 1461 3187 at-

267 3247 396 3313 tributa.
421 3245 469 3310 Flo
491 3251 597 3310 autem
617 3246 748 3310 nomine
767 3267 894 3330 magam
916 3247 1005 3310 illam
1025 3247 1252 3330 Pompeianam
1273 3269 1338 3311 esse
1358 3246 1461 3330 signi-

267 3369 392 3432 ficatam
417 3367 597 3431 mirandum
622 3387 687 3430 non
711 3370 766 3431 est.
792 3366 933 3432 Feminis
957 3368 1059 3444 enim,
1081 3388 1162 3451 quae
1181 3368 1338 3451 magicam
1359 3371 1461 3430 artem

267 3491 509 3574 profiterentur,
535 3508 652 3551 nomen
677 3487 737 3551 arti
762 3489 954 3552 conueniens
977 3488 1100 3572 saepius
1125 3509 1190 3551 esse
1213 3487 1353 3553 inditum
1371 3491 1463 3572 patet

267 3610 318 3675 uel
341 3633 380 3674 ex
403 3609 487 3674 Plut.
514 3610 552 3672 de
576 3630 657 3673 orac.
685 3607 747 3674 def.
774 3610 849 3673 401.
877 3632 906 3674 a.
921 3612 959 3694 ⁵).

302 3776 328 3840 l)
346 3775 463 3824 Similiter
480 3775 560 3823 tristis
577 3775 664 3836 Erinys
680 3775 706 3822 in
724 3775 816 3838 nuptiis
833 3774 924 3838 Iasonis
942 3777 965 3822 et
984 3775 1129 3840 Hypsipyles
1147 3776 1207 3824 laces
1225 3775 1340 3824 infaustas
1356 3775 1462 3840 praefert

267 3857 338 3907 Ouid.
358 3857 418 3906 Her.
438 3857 481 3905 Vl.
500 3859 546 3913 45,
565 3860 588 3905 ct
606 3859 696 3905 Canace
713 3858 812 3920 Erinyes
828 3861 897 3905 otras
914 3861 983 3920 rogat
1002 3862 1027 3906 ut
1046 3858 1177 3921 Hymenaei
1196 3858 1248 3906 loco
1268 3858 1328 3906 sacas
1345 3857 1370 3906 in
1385 3858 1462 3922 ipsam

267 3941 357 3998 lerant,
382 3955 484 4003 quarum
506 3939 559 4002 igne
577 3939 653 3986 luceat
670 3953 754 4001 rogus,
775 3939 833 3988 Her.
857 3939 905 3988 XI.
925 3941 980 3987 103.
1000 3940 1036 3987 Ol.
1056 3940 1115 3988 Met.
1136 3939 1179 3989 VI.
1198 3939 1247 3990 429
1265 3955 1323 4003 sqq,
1343 3940 1414 3988 Isocra
1432 3939 1464 3988 ad

267 4023 327 4072 Her.
344 4022 379 4071 lI.
398 4020 454 4072 111.
473 4021 511 4068 Sic
529 4020 601 4068 etiam
621 4019 710 4076 Culex,
729 4019 791 4077 246;
810 4021 911 4069 Octauia
927 4020 974 4069 fab.
993 4021 1024 4069 23
1042 4036 1077 4084 sq.

276 4165 278 4170 Ι
301 4104 326 4168 2)
348 4103 383 4152 Ol.
402 4105 431 4151 Δ.
450 4100 596 4164 Rosenbcrg,
616 4101 655 4150 dic
673 4098 781 4164 Erinyen
800 4101 892 4165 (Berol.
913 4101 997 4166 1874),
1016 4117 1068 4166 pag.
1088 4103 1130 4152 18.

301 4187 325 4245 3)
343 4184 490 4234 Monumenti
506 4185 547 4232 dcl
562 4183 630 4232 Istit.
650 4182 685 4232 X.
704 4182 764 4231 Tab.
784 4174 858 4232 VIII.
876 4184 974 4242 Flaach,
993 4183 1100 4243 Annali,
1120 4184 1198 4244 1874,
1215 4202 1239 4250 p.
1258 4186 1314 4234 180.
1332 4183 1462 4235 Archaect.

267 4269 336 4330 Ztap⁴
356 4267 428 4314 1880.
447 4283 473 4329 p.
490 4267 546 4314 139.
730 4318 732 4322 ,
984 4265 991 4276 “

233 4384 235 4386 -
300 4350 328 4414 4)
346 4349 382 4397 (11.
406 4351 436 4398 dc
454 4348 539 4404 Duhn,
561 4348 703 4410 Festschrift
720 4349 764 4395 dcr
783 4345 951 4412 Heidclhcrqcr
972 4349 1120 4398 Universc'ttt
1136 4366 1179 4398 aar
1196 4350 1346 4414 Beqntsrunp
1364 4351 1462 4402 dorth.

266 4430 600 4494 Philometor-Vertacum
618 4445 647 4478 zu
665 4428 799 4477 Karlsruhe
818 4428 910 4489 (1882).
931 4445 954 4493 p.
974 4430 1114 4482 117-122.

301 4513 328 4575 5)
345 4513 467 4560 Lucanum
483 4511 575 4560 imitari
593 4511 690 4560 uidetur
711 4511 865 4565 Dracontius.
884 4511 963 4562 Germ.
983 4512 1047 4562 Prot.
1069 4513 1096 4564 V.
1117 4513 1166 4561 130
1175 4513 1316 4578 (Baehrens,
1330 4513 1398 4564 Poet.
1407 4513 1460 4565 Lat.

267 4593 330 4641 Min.
348 4593 377 4641 V.
396 4609 420 4658 p.
436 4593 501 4653 143).
