3324 5284
855 367 875 434 6

278 557 407 639 agatur,
437 554 576 618 breuiter
607 552 805 618 describendi
836 556 929 616 erunt
960 552 1082 617 codices
1113 553 1263 636 permulti
1293 554 1349 638 qui
1372 555 1457 620 hanc

265 674 433 761 epistulam
452 676 595 739 tradunt.
617 674 670 740 Ad
689 676 857 759 quodcum
877 675 942 738 iam
963 675 1112 758 accingor
1123 680 1395 760 praemonendum
1407 681 1456 742 est

166 798 168 804 ’
264 819 315 861 me
345 800 418 882 post
449 796 644 880 Sedlmayeri
675 796 802 880 egregie
830 794 1081 879 »Prolegomena
1105 795 1214 860 critica
1238 799 1278 860 ed
1302 796 1456 863 Heroides

265 917 472 996 Ouidianas”,
516 939 557 982 ne
590 917 708 1002 longus
743 939 842 982 essem
876 919 910 980 et
942 921 1013 982 acta
1048 937 1142 1000 agere
1176 917 1315 996 uiderer,
1355 921 1455 985 satius

264 1039 392 1104 duxisse
424 1039 497 1103 illos
531 1039 629 1103 libros
662 1039 701 1102 de
732 1038 848 1122 quibus
877 1036 931 1102 ille
961 1040 1029 1102 tarn
1061 1043 1206 1103 accurate
1238 1041 1322 1124 egit,
1347 1042 1455 1125 paucis

263 1165 391 1226 tanturn
414 1161 607 1237 describere;
631 1160 788 1244 copiosius
811 1159 918 1245 paullo
941 1163 1079 1225 tractare
1102 1182 1155 1225 eos
1178 1183 1258 1245 quos
1281 1163 1352 1240 ille,
1377 1167 1413 1229 ut
1436 1186 1455 1228 a

263 1282 426 1367 proposito
450 1304 507 1347 suo
530 1281 670 1360 alienos,
695 1281 822 1345 silentio
846 1281 1069 1366 praetermisit.

303 1527 346 1613 s)
372 1529 440 1590 cod.
473 1525 780 1609 Francofunanus1)
812 1525 890 1589 bibl.
915 1525 1003 1610 publ.
1030 1527 1306 1597 membranaceus,
1331 1528 1454 1592 saeculo

262 1648 347 1714 XIII
369 1650 479 1734 procul
503 1649 599 1714 dubio
623 1649 708 1713 haud
732 1649 909 1726 recentior,
934 1649 1103 1713 continens
1128 1670 1224 1733 opera
1244 1653 1276 1714 et
1295 1649 1454 1715 Ouidiana

262 1772 296 1833 et
329 1769 630 1835 Pseudo-Ouidiana
664 1770 773 1834 omnia
806 1772 932 1854 praeter
966 1769 1049 1835 Med.
1080 1768 1152 1852 fac,
1184 1768 1336 1853 Halieut,
1361 1770 1450 1855 Epic.

262 1890 357 1957 Drus.
372 1893 409 1979 2).
429 1892 576 1977 Sapphus
597 1891 732 1976 epistula
752 1893 821 1957 sine
843 1892 909 1955 ulla
929 1891 1137 1976 inscriptione
1157 1892 1207 1956 uel
1220 1891 1452 1977 subscriptione

261 2013 296 2078 in
333 2036 370 2078 eo
403 2015 568 2079 inuenitur
603 2013 779 2078 Heroidum
816 2034 947 2077 numero
982 2013 1172 2097 praemissa,
1205 2014 1323 2098 scripta
1355 2036 1453 2078 manu

262 2136 383 2220 prima,
416 2137 453 2199 ut
481 2140 566 2201 recte
596 2135 767 2200 affirmauit
798 2135 890 2200 Riese
922 2137 1035 2199 contra
1065 2133 1246 2212 Loersium‚
1276 2135 1332 2219 qui
1355 2157 1452 2198 manu

262 2255 364 2321 altera
382 2258 527 2342 quamuis
547 2278 614 2321 non
633 2257 735 2322 multo
755 2257 929 2321 recentiore
956 2279 1025 2320 eam
1049 2256 1189 2319 additam
1209 2277 1275 2319 esse
1288 2256 1453 2321 contendit

261 2375 311 2463 (in
334 2377 409 2442 edit.
431 2376 507 2442 Her.
533 2377 626 2442 Ouid.
646 2401 679 2462 p.
704 2378 794 2463 632).
830 2375 1041 2442 Collationem
1066 2376 1159 2440 huius
1182 2377 1298 2441 codicis
1321 2379 1454 2461 quaest

262 2519 338 2584 erga
361 2521 412 2564 me
435 2499 659 2564 beneuolentia
682 2499 761 2564 mihi
785 2498 872 2562 misit
894 2497 934 2562 A.
958 2497 1050 2562 Riese
1074 2496 1114 2564 V.
1136 2497 1182 2575 0.,
1204 2502 1388 2583 praeceptor
1399 2520 1452 2562 ca-

262 2621 421 2687 rissimus:
445 2622 619 2707 quiquam
644 2625 789 2686 accurate
812 2620 1016 2698 contulisset,
1042 2642 1144 2704 nuper
1163 2620 1230 2703 ipse
1251 2618 1454 2686 Francofurti

262 2743 402 2808 codicem
426 2744 587 2808 excutiens
610 2747 702 2828 grato
726 2743 833 2806 animo
856 2742 933 2805 uidi.

307 2865 395 2929 Idem
435 2886 502 2930 esse
532 2865 585 2928 hic
615 2867 714 2928 codex
745 2863 870 2927 uidetur
901 2883 937 2926 ac
967 2861 1066 2946 liber,
1095 2861 1150 2945 qui
1184 2861 1282 2944 uulgo
1319 2861 1451 2942 dicitur,

263 2986 502 3072 Naugertaaus:
533 2987 657 3070 saepius
689 2985 775 3049 enim
805 2983 986 3068 Naugerius
1018 2985 1098 3046 citat
1124 2982 1276 3046 lectiones
1299 2985 1391 3049 nobis
1415 3005 1453 3049 ex

263 3128 327 3170 uuo
341 3109 373 3194 s.
394 3107 501 3172 codice
518 3109 620 3171 notas.
644 3105 752 3172 Minus
772 3108 880 3170 tamen
896 3107 982 3169 recte
1001 3103 1072 3168 VV.
1087 3101 1158 3167 DD.
1183 3103 1273 3187 loqui
1297 3105 1402 3169 solent
1415 3106 1453 3170 de

263 3227 366 3292 »libro
401 3227 646 3314 Naugeriano”;
684 3250 759 3292 nam
794 3227 931 3290 contulit
960 3225 1140 3310 Naugerius
1171 3247 1237 3290 non
1269 3248 1368 3314 unum
1399 3229 1453 3291 sed

262 3348 439 3434 complures
462 3350 600 3429 codices,
626 3352 664 3414 ut
686 3371 724 3413 ex
747 3348 846 3433 ipsius
870 3346 975 3412 uerbis
997 3350 1106 3431 patet,
1133 3347 1313 3431 multasque
1331 3347 1454 3432 profert

261 3469 430 3547 lectiones,
462 3492 543 3554 quae
575 3471 609 3533 in
634 3471 664 3556 f.
700 3491 766 3534 non
794 3469 1004 3553 reperiuntur.
1041 3467 1128 3543 Quae
1151 3468 1320 3533 adnotauit
1341 3469 1395 3533 ille
1417 3469 1452 3532 in

261 3591 425 3655 notissima
450 3589 556 3656 Ouidii
575 3612 704 3675 operum
726 3590 866 3685 editione
884 3589 1005 3653 Aldina
1024 3611 1075 3652 an.
1102 3588 1322 3653 1515—1516
1335 3590 1450 3676 (1533)

261 3713 420 3797 desumpsi
450 3735 488 3778 er
519 3713 691 3797 exemplari
720 3711 871 3795 Lugduni
901 3710 937 3773 in
964 3709 1157 3774 bibliotheca
1180 3711 1319 3777 uniuers.
1343 3714 1451 3776 adser-

260 3837 353 3916 uat0,
386 3837 569 3918 comparato
601 3855 674 3898 curn
705 3832 860 3916 Naugerii
889 3853 976 3916 oper.
1009 3853 1098 3895 omn.
1127 3853 1191 3896 cur.
1226 3831 1353 3916 Vulpiis
1375 3832 1450 3918 (Pa-

259 3954 339 4018 tauii
367 3954 465 4039 1718)
488 3977 519 4039 p.
547 3953 611 4018 144
623 3975 691 4039 sqq.

302 4075 354 4161 Η)
378 4078 445 4140 cod.
484 4074 675 4140 Harleianus
708 4076 815 4152 2499,
848 4096 928 4140 saec.
959 4073 1041 4152 XV,
1073 4074 1274 4152 chartaceus,
1307 4075 1451 4139 continet

257 4195 416 4275 Sallustii,
448 4195 575 4262 Boethii
606 4199 663 4261 cet
698 4218 794 4281 opera
816 4200 849 4260 et
871 4195 927 4260 fol.
952 4183 1084 4260 87-‘92
1109 4194 1230 4279 Sapph.
1255 4195 1447 4280 epistulam,

291 4510 316 4570 1)
333 4507 482 4572 Sedlmayer,
500 4507 576 4558 Proll.
593 4524 616 4573 p.
636 4508 674 4557 19.

289 4589 318 4655 2)
335 4591 393 4640 Nux
408 4589 483 4654 elegia
500 4605 573 4640 mauu
589 4588 637 4639 dia
653 4605 711 4640 saec.
730 4590 873 4639 le-XV
892 4587 972 4637 additu
989 4589 1032 4637 est.
