3324 5284
826 451 870 514 64

254 653 354 716 parua
376 633 461 715 filia;
485 633 599 698 ultima
621 633 739 698 doloris
763 655 856 698 eausa
879 635 916 696 tu
938 632 1092 696 acccdia.”
1106 631 1158 697 Sic
1166 635 1273 720 primo
1288 680 1295 695 .
1310 680 1317 697 .
1333 682 1340 698 .
1356 657 1450 698 .m0.c

253 753 330 818 Met.
354 754 380 818 I.
405 756 480 818 222.
505 754 548 821 ΙΙ.
576 756 657 832 336;
684 757 768 838 861,
792 757 852 820 cet.
873 757 1191 842 prImum....moa·
1214 752 1291 817 Met.
1316 754 1343 818 I.
1369 754 1446 819 581.

253 873 346 939 VIII.
372 875 447 940 504.
473 875 561 941 XIV.
589 877 649 954 73,
676 879 734 942 eet.
751 874 776 961 1)
1229 879 1231 882 ’

299 996 434 1074 Iisdem,
465 1001 563 1082 puto,
593 998 771 1063 rationibus
795 1000 952 1062 adductus
977 996 1140 1062 Baehrens
1165 997 1210 1063 I.I.
1235 1021 1268 1082 p.
1293 995 1334 1063 58
1359 1001 1450 1087 inope

253 1121 375 1182 mutare
409 1118 528 1196 uoluit,
564 1120 762 1204 coniecitque
802 1117 889 1185 Arsit
919 1133 993 1208 poet
1021 1121 1131 1206 frater
1168 1123 1241 1205 oet,
1274 1122 1360 1205 quod
1391 1143 1448 1186 cur

252 1238 440 1323 praetulerit
463 1261 530 1304 non
554 1241 658 1306 uideo.

242 1349 245 1358 ’
300 1380 497 1426 0000001010
530 1382 649 1426 caurus
682 1382 794 1428 aunan
817 1386 889 1429 cum
915 1363 1021 1429 Riesio
1045 1363 1219 1448 recepimus
1243 1386 1260 1428 e
1280 1365 1312 1451 f.
1336 1369 1368 1429 et
1391 1365 1450 1429 ali·

252 1487 332 1565 quot
366 1483 491 1550 Heinsii
525 1485 687 1550 codicibus
722 1507 779 1570 pro
816 1487 965 1570 uulgato:
1003 1489 1101 1551 010100
1131 1489 1295 1552 meretricia
1327 1509 1447 1563 antece,

251 1608 337 1688 quod
360 1605 525 1672 Bentleius
549 1629 566 1671 0
589 1607 696 1672 005100
722 1606 882 1671 Wittiano
906 1608 1045 1672 mutauit
1064 1607 1097 1672 in
1112 1611 1231 1674 uinctus
1244 1633 1285 1674 m.
1300 1633 1329 1673 a.
1344 1608 1447 1674 Multo

250 1730 357 1792 autem
386 1732 547 1812 praestare
576 1729 656 1793 mihi
686 1730 813 1794 uidetur
844 1733 936 1794 uetus
959 1729 1015 1794 illa
1037 1729 1131 1794 lectio
1155 1743 1263 1817 captae
1296 1731 1446 1817 (quacum

250 1849 456 1914 conferantur
480 1871 506 1914 e.
521 1871 551 1934 g.
577 1849 653 1916 Her.
668 1850 694 1917 Ι.
709 1852 768 1915 76:
794 1849 871 1915 11000
894 1851 1063 1937 peregrino
1085 1854 1198 1937 ,eaptus
1224 1875 1330 1919 amore
1346 1859 1448 1939 poter.

252 1969 336 2034 Fast.
363 1969 406 2035 ΙΙ.
433 1971 508 2038 585.
534 1971 679 2058 Iuppiter
702 1973 860 2037 indomito
884 1971 1035 2038 Iuturnae
1058 1975 1170 2057 captus
1195 1995 1311 2041 amore.

296 2216 344 2281 De
377 2217 476 2281 fratre
509 2215 659 2302 Sapphus
692 2254 732 2266 -
767 2214 913 2282 Charaxo
944 2255 986 2266 -
1011 2217 1143 2302 eiusque
1181 2238 1252 2282 oum
1287 2219 1450 2284 meretrice

256 2340 313 2404 illa
348 2339 508 2403 amoribus
544 2339 609 2403 015.
647 2337 765 2404 Herod.
801 2338 846 2404 II.
873 2338 956 2422 135,
988 2337 1109 2404 Athen.
1143 2338 1234 2403 XIII.
1260 2341 1312 2406 69.
1344 2338 1449 2406 Strah.

255 2459 365 2526 XVII.
392 2461 421 2525 l.
448 2463 505 2538 33,
531 2463 609 2544 oet.;
635 2463 674 2524 de
696 2455 868 2524 meretricis
890 2459 1022 2524 nomine
1046 2482 1077 2523 u.
1099 2459 1235 2526 Greuert
1253 2460 1305 2546 (de
1323 2460 1450 2547 Aesopo

257 2586 290 2648 ct
319 2583 435 2648 fabulis
467 2581 630 2667 Aesopicis
643 2580 669 2668 ³)
703 2605 734 2666 p.
762 2582 826 2646 123
850 2581 944 2666 sqq),
975 2581 1031 2666 qui
1051 2603 1109 2646 cur
1131 2582 1217 2647 uarie
1238 2582 1318 2647 illud
1342 2585 1450 2648 trada-

256 2709 311 2771 tur
335 2744 376 2756 —
400 2704 565 2789 Rhodopia
587 2708 721 2770 uocatur
744 2704 784 2768 ab
808 2703 991 2780 Herodoto,
1012 2703 1054 2767 ab
1073 2701 1241 2768 Athenaeo
1255 2703 1450 2770 Doricha—

256 2827 436 2892 doctissime
467 2826 607 2910 explicat
637 2825 834 2891 ostendendo
867 2824 1037 2890 Dorioham
1061 2825 1189 2908 quidem
1212 2825 1309 2891 fuisse
1335 2827 1448 2911 genui·

256 2972 333 3014 num
356 2949 491 3014 feminae
514 2970 650 3025 nornen,
685 2950 795 3032 postea
819 2967 893 3011 uero
915 2946 1023 3029 illam,
1049 2969 1122 3012 curn
1146 2947 1230 3012 uitae
1254 2950 1449 3014 meretriciae

256 3093 289 3137 00
312 3071 463 3148 dedisset,
489 3070 594 3154 posito
614 3068 770 3134 Dorichae
789 3069 938 3154 nomine,
951 3069 1093 3154 eleganti
1105 3069 1278 3143 Ῥοδώπιδος
1291 3071 1449 3136 uocabulo

257 3193 513 3258 uenustissimam
545 3214 635 3256 snam
666 3191 803 3256 formam
835 3191 992 3256 indicasse
1024 3213 1061 3255 ao
1093 3191 1208 3256 subeo
1232 3192 1362 3258 nomine
1386 3214 1451 3257 ma·

256 3335 355 3401 gnam
381 3315 501 3381 famam
535 3336 592 3398 per
627 3335 755 3378 omnem
792 3312 955 3377 Graeciam
979 3313 1041 3378 0151
1064 3313 1244 3398 peperisa03
1269 3313 1310 3380 ef.
1334 3313 1449 3381 Strabo

256 3438 321 3504 l.l.:
346 3435 380 3514 ἣν
405 3439 530 3520 Σαπφὼ
554 3437 612 3512 μὲν
635 3444 731 3501 καλεῖ
752 3435 921 3515 Δωρίχαν.
938 3483 945 3498 .
961 3432 1096 3500 ..ἄλλοι
1119 3435 1327 3517 δ’δνομοίζουσο
1350 3435 1450 3502 Ῥοδό-

257 3585 318 3636 πην
345 3562 509 3647 [Ῥοδῶπιν]
533 3562 566 3623 et
589 3557 676 3625 Suid.
700 3581 732 3623 0.
757 3557 930 3629 Ῥοδώπιδος
954 3554 1119 3642 ἀνάθημα,
1143 3557 1199 3641 qui
1210 3560 1249 3623 50
1263 3558 1452 3644 Rhodopide

257 3703 357 3768 agens
391 3681 518 3747 scribit:
556 3682 572 3755 ἦ
604 3680 636 3746 δὲ
671 3681 798 3758 Σοοπφδ
840 3679 986 3760 Δωρίχαν
1021 3679 1118 3753 αὐτὴν
1149 3679 1296 3759 καλά’),
1331 3679 1451 3744 scilicet

257 3803 387 3892 Sappho
418 3827 490 3870 eum
522 3803 618 3868 scorti
646 3801 814 3867 auaritiam
838 3821 914 3884 erga
937 3798 1117 3866 Charaxum
1140 3799 1273 3866 fratrem
1298 3801 1449 3868 carmini·

257 3927 318 3991 bus
347 3926 543 4012 increparet,
574 3923 717 4010 profecto
748 3944 813 3987 non
847 3922 982 4008 superbo
1013 3921 1069 3986 illo
1098 3921 1298 4008 Rhodopidia
1321 3923 1452 3987 nomine

257 4023 394 4113 debebat
415 4046 480 4123 uti,
505 4048 560 4109 005
582 4067 619 4110 eo
642 4066 705 4131 quo
729 4044 865 4129 pristina
886 4043 973 4109 illius
993 4043 1450 4128 seruiliaatqnehumiliscon·

256 4171 335 4236 ditio
358 4170 465 4255 palam
487 4168 760 4254 pronuntiaretur.

289 4355 316 4418 1)
333 4354 431 4404 Obiciat
447 4352 548 4401 forsitan
566 4350 707 4415 aliquisne
724 4366 819 4401 nereum
836 4350 869 4400 eie
886 4351 974 4415 fingere
991 4347 1020 4399 ob
1038 4349 1148 4399 metricae
1165 4349 1269 4400 rationca
1286 4349 1375 4401 Ouidio
1390 4349 1453 4401 indi·

255 4452 336 4502 gnum.
361 4437 407 4486 Sed
429 4435 459 4484 cf.
482 4449 503 4483 e.
527 4449 549 4498 g.
567 4434 621 4482 Am.
640 4432 660 4482 I.
680 4433 703 4483 2.
720 4433 767 4494 493
785 4433 834 4492 41;
856 4434 879 4482 3.
899 4433 938 4482 1³.
956 4431 992 4482 11.
1011 4432 1034 4482 2.
1054 4434 1093 4482 61.
1111 4433 1172 4482 Her.
1192 4433 1220 4482 V.
1240 4432 1278 4484 71.
1298 4433 1342 4482 VI.
1361 4434 1409 4484 159
1427 4433 1454 4481 et

255 4519 333 4569 multa
349 4517 437 4568 similia
454 4515 571 4581 exempla.

290 4602 315 4662 2)
334 4601 447 4660 Bonnae,
466 4599 539 4650 1825.

289 4682 407 4748 150111.
426 4682 466 4731 W.
484 4681 598 4742 Richter,
615 4680 709 4745 Sappho
725 4682 776 4731 aad
790 4681 897 4740 Εήοιω,
917 4697 941 4746 p.
961 4682 976 4728 5
983 4702 990 4740 3
1009 4679 1085 4741 Kook,
1094 4678 1259 4730 anamma
1265 4678 1367 4746 Sappho,
1376 4682 1453 4747 paa.
