3274 5292
848 356 912 420 144

337 534 429 610 Quod
453 538 558 600 autem
579 536 775 619 uituperauit
799 535 887 612 Birt,
912 537 1020 621 inepte
1044 538 1159 623 puellis
1183 538 1342 604 Lesbiacis
1366 541 1484 625 adponi

292 680 456 744 aequoreae
476 657 668 722 adiectiuum
689 658 748 743 (us.
775 658 869 743 199),
889 658 1079 742 respondere
1101 659 1217 743 possim
1231 660 1407 725 tollendum
1423 661 1483 726 hoc

293 778 408 843 uitium
440 800 505 844 esse
529 780 707 843 mutatione
727 778 886 843 lenissima
909 779 1044 863 legendo
1068 804 1246 867 aeqaoeaoe.
1273 781 1334 846 Sed
1357 782 1481 848 etiamsi

292 900 327 964 id
357 900 524 964 admittere
554 900 711 977 nolueris,
742 900 803 964 hoc
834 900 913 964 mihi
945 902 1031 965 certo
1055 902 1170 966 certius
1195 905 1322 967 constat
1344 925 1383 968 ex
1406 904 1483 968 eius·

293 1019 379 1083 modi
410 1019 685 1085 obseruationibus
717 1057 759 1070 —
791 1021 976 1104 praesertim
1009 1021 1044 1084 in
1075 1021 1188 1085 misera
1220 1023 1363 1087 codicum
1390 1022 1483 1086 huius

292 1141 444 1225 epistulae
457 1141 690 1206 conditione-
700 1141 782 1206 nihil
794 1143 966 1226 quicquam
978 1163 1070 1226 posse
1081 1142 1170 1218 effici,
1184 1143 1245 1207 nisi
1258 1146 1294 1206 ut
1306 1146 1483 1208 statuamus

292 1265 414 1328 textum
437 1263 489 1328 hic
511 1263 578 1328 illie
601 1285 666 1328 esse
691 1267 885 1348 corruptum.
910 1263 960 1329 Ex
982 1264 1021 1329 iis
1040 1287 1116 1329 uero
1138 1265 1287 1348 colligere
1307 1268 1408 1330 totam
1419 1266 1484 1350 epi·

290 1386 407 1449 stulam
438 1385 479 1450 ab
510 1384 624 1450 Ouidio
649 1408 716 1451 esse
736 1385 997 1463 abiudicandam,
1021 1386 1082 1450 hoc
1107 1389 1155 1451 est
1178 1388 1298 1450 nodum
1322 1386 1483 1464 scindere,

292 1527 358 1571 non
390 1508 528 1584 soluere,
562 1529 664 1590 neque
694 1507 728 1571 id
758 1507 906 1591 cuiquam
936 1507 998 1571 nisi
1027 1501 1251 1590 praeiudicatis
1282 1508 1484 1592 opinionibus

294 1629 445 1693 obstricto
470 1632 576 1714 potest
599 1629 737 1713 probari.

338 1871 398 1937 Sed
429 1894 504 1957 prae
537 1871 685 1936 omnibus
708 1871 776 1970 illis¹
795 1893 877 1955 quae
900 1875 1013 1936 contra
1037 1871 1096 1936 hoc
1120 1893 1247 1937 carmen
1271 1873 1397 1957 prolata
1421 1874 1484 1938 iam

292 1994 562 2071 enumerauimus,
595 2015 636 2058 na
666 1993 785 2058 iniuste
816 1993 958 2058 sinamus
986 1994 1147 2058 obscurari
1179 2016 1260 2078 quae
1282 1999 1389 2072 recta,
1413 1997 1484 2080 pul-

263 2203 266 2209 ·
293 2139 363 2194 cra,
387 2137 461 2181 uere
486 2114 645 2180 Ouidiana
668 2116 819 2180 continet.
847 2115 890 2179 ut
909 2119 945 2180 ut
968 2116 1044 2199 quid
1068 2117 1204 2180 sentiam
1226 2109 1324 2182 libere
1336 2117 1483 2201 eloquar,

290 2238 412 2322 legenti
443 2237 522 2301 mihi
553 2237 676 2320 saepius
705 2259 770 2301 uno
801 2240 912 2301 tenore
945 2236 1052 2301 Ouidii
1079 2236 1251 2322 Heroides,
1275 2240 1384 2304 statim
1409 2261 1484 2305 uero

292 2361 366 2444 post
387 2381 439 2423 eas
462 2356 609 2442 Sapphus
633 2358 794 2438 libellum,
819 2359 910 2442 quasi
934 2361 1048 2442 sponte
1073 2360 1161 2424 uenit
1184 2360 1218 2425 in
1243 2363 1384 2425 mentem
1404 2362 1486 2426 illud

293 2479 362 2544 »Vt
391 2479 486 2542 titulo
520 2500 641 2556 careas,
664 2478 734 2561 ipso
759 2499 888 2543 noscere
912 2479 1049 2543 colore”.
1076 2478 1168 2545 Certe
1186 2502 1259 2545 cum
1279 2479 1387 2545 Ouidii
1406 2481 1485 2567 Epi-

280 2601 385 2665 ,stulis
404 2599 524 2684 optime
543 2599 742 2664 conueniunt
757 2602 790 2663 et
801 2599 967 2664 scribentis
981 2622 1103 2665 morum
1115 2600 1302 2686 ingeniique
1314 2602 1485 2687 descriptio

293 2725 341 2800 et,
374 2744 456 2806 quae
478 2721 530 2786 hic
554 2721 619 2785 illic
644 2723 793 2804 apparet,
818 2720 940 2784 ironica
963 2721 1118 2804 quaedam
1142 2722 1297 2805 propositi
1322 2724 1484 2787 tractandi

261 2812 262 2816 Ἰ
292 2843 384 2907 ratio.
416 2842 459 2906 Et
490 2841 602 2906 insunt
632 2839 775 2925 profecto
806 2842 842 2905 in
866 2863 902 2906 eo
936 2842 1087 2925 opusculo
1111 2843 1241 2926 plurimi
1264 2846 1298 2907 et
1320 2865 1430 2908 uersus
1454 2846 1488 2908 et

294 2964 447 3028 dictiones
471 2965 536 3027 tarn
560 2963 726 3048 ingeniose
750 2963 949 3046 excogitatae
971 2967 1099 3048 tamque
1122 2964 1226 3048 lepide
1250 2987 1430 3050 expressae,
1451 2970 1489 3031 ut

294 3084 346 3150 uel
370 3106 408 3149 ex
430 3083 481 3148 his
505 3083 580 3148 solis
604 3084 703 3167 ipsius
727 3082 834 3148 Ouidii
859 3106 989 3148 manum
1015 3085 1146 3169 agnosci
1169 3084 1254 3149 haud
1278 3086 1397 3149 iniuria
1409 3107 1489 3151 con-

295 3208 424 3271 tendere
458 3206 638 3272 audeamus.
664 3203 749 3270 Nolo
772 3204 825 3269 hic
848 3208 989 3289 repetere
1011 3205 1110 3269 totius
1134 3204 1287 3290 epistulae
1312 3207 1489 3271 sententia-

295 3349 366 3392 rum
401 3327 543 3414 ordinem
581 3331 612 3392 et
646 3327 801 3392 orationis
840 3348 986 3404 cursum,
1025 3327 1080 3410 qui
1119 3349 1247 3411 prorsus
1280 3332 1356 3392 sunt
1388 3329 1487 3393 mon’s

295 3450 445 3516 Ouidiani
485 3488 526 3500 —
565 3439 640 3535 post
677 3452 856 3514 accuratam
887 3449 972 3513 enim
1003 3448 1068 3513 eius
1100 3449 1360 3532 explicationem,
1392 3472 1490 3533 quam

296 3573 384 3637 dedit
412 3571 605 3636 Bodenstein
635 3571 670 3634 in
700 3571 783 3634 libro
817 3569 942 3654 saepius
972 3570 1035 3633 iam
1066 3570 1246 3652 significato
1271 3570 1305 3655 (p
1342 3571 1489 3654 9sqq.),

296 3693 464 3758 nihiliam
486 3714 610 3778 possem
633 3691 737 3757 facere
761 3691 823 3756 nisi
847 3696 882 3756 ut
907 3690 1019 3756 Latine
1042 3691 1204 3756 redderem
1229 3713 1310 3775 qnae
1333 3690 1492 3756 illedixit

296 3813 541 3899 Germaniae1);
568 3852 609 3861 -
635 3813 747 3896 atqui
771 3813 901 3876 tandem
928 3812 1056 3896 »inepto
1081 3812 1204 3876 cuidam
1228 3811 1405 3876 imitatori”
1430 3812 1491 3877 tri-

294 3937 429 4002 buamus
460 3937 586 4000 tantam
608 3937 641 3998 et
662 3935 708 3998 re'i
731 3935 872 4018 poeticae
897 3933 1043 3998 notitiam
1064 3937 1097 3997 et
1119 3933 1202 4009 stili,
1227 3954 1291 4018 quo
1311 3933 1489 3998 excellebat

296 4056 446 4136 Ouidius,
479 4055 644 4141 peritiam,
675 4057 712 4118 ut
734 4054 852 4120 faceret
881 4054 961 4119 tales
992 4076 1100 4119 uersus
1123 4054 1232 4137 quales
1256 4056 1332 4119 sunt
1357 4053 1396 4118 51
1423 4076 1491 4139 sq.:

330 4332 357 4396 1)
375 4333 472 4397 Optime
498 4331 592 4396 quoque'
615 4329 691 4378 totius
715 4316 828 4378 carminis
854 4327 977 4393 dispositio
1002 4331 1081 4392 potest
1106 4329 1239 4394 comparari
1265 4329 1366 4378 cuniis
1384 4344 1444 4393 quac
1461 4328 1494 4378 de

295 4415 430 4466 Heroidum
452 4429 537 4479 genere
557 4413 583 4461 in
608 4413 747 4461 uniuersum
768 4411 827 4460 dicit
851 4413 880 4460 Δ.
908 4411 1007 4459 Haduer
1031 4410 1057 4459 iu
1083 4409 1157 4460 libror
1188 4410 1325 4471 olibanus,
1350 4411 1494 4476 Propertius

295 4502 320 4546 et
351 4497 453 4546 Ouidius
483 4495 608 4560 Elegiacae
639 4495 701 4559 apud
732 4495 852 4545 Romanos
878 4493 977 4542 Potseos
1003 4491 1162 4543 Triumuiri”.
1188 4495 1254 4558 Spec.
1282 4495 1353 4543 dead.
1379 4494 1493 4555 Lundaa,
