3324 5284
791 505 834 567 37

213 637 286 774 pag.
324 690 377 753 64.
413 689 503 764 Quod
539 709 595 752 eur
629 686 669 752 N.
703 686 854 752 Heinsius
888 689 1060 770 praeeunte
1095 685 1230 751 Oiofano
1269 708 1307 750 ex
1344 707 1408 748 uno

213 811 349 894 uilisque
372 808 467 894 pretii
489 809 595 873 oodioe
620 807 730 886 Maffei
754 807 885 872 mutarit
899 808 940 893 'in
965 810 1102 895 iuspecto
1126 828 1193 871 non
1218 805 1322 871 uidae.

213 970 214 973 ¹
258 930 441 997 spumosus
466 949 632 1008 namara,
658 929 718 994 tibi
741 929 918 1008 studentis,
944 933 977 994 te
998 928 1154 1006 amantis,
1177 929 1215 992 ut
1233 927 1329 991 Trist.
1350 926 1408 993 IV.

216 1055 268 1118 10.
295 1053 335 1119 01
363 1075 429 1137 sq.:

708 1175 762 1241 Ad
785 1197 843 1240 uos
864 1175 1007 1240 studiosa
1029 1179 1174 1240 reuertor
1242 1195 1247 1203 ·

439 1298 590 1377 Pectora,
615 1299 671 1382 qui
690 1299 776 1364 uitae
799 1298 952 1382 quaeritis
977 1301 1048 1362 aeta
1072 1319 1173 1361 meae.

257 1421 310 1484 Ita
340 1423 372 1485 et
401 1420 497 1486 Trist.
530 1421 556 1484 1.
584 1421 613 1486 2.
641 1421 701 1485 77:
728 1420 794 1484 Neo
814 1421 905 1508 poto,
930 1443 1006 1506 quos
1026 1421 1107 1506 petii
1128 1421 1284 1504 quondam
1309 1419 1408 1482 studi-

213 1565 282 1607 osus
305 1543 464 1620 rithmus,-
488 1542 520 1606 h.
535 1565 561 1606 e.
587 1543 719 1626 cupidus
742 1542 888 1606 Athenas
908 1541 1055 1626 uidendi,
1079 1543 1114 1604 ut
1134 1544 1218 1604 reete
1237 1537 1410 1623 explieauit

144 1726 148 1733 ,
213 1661 427 1728 Burmannus.
453 1664 492 1729 of.
518 1664 614 1728 Trist.
640 1664 675 1728 V.
705 1664 734 1728 1.
762 1665 778 1727 l
804 1686 850 1748 sq.

349 1784 446 1850 Hune
469 1807 595 1872 quoque
618 1788 656 1850 de
681 1783 810 1864 Getico,
836 1786 940 1850 nostri
964 1784 1120 1862 studiose,
1145 1783 1288 1848 libellum

392 1906 499 1972 Litore
522 1907 702 1991 praemissis
726 1910 878 1992 quattuor
901 1908 980 1971 adde
1004 1881 1091 1971 meis.

257 2027 437 2093 Studiorum
468 2050 543 2093 uero
575 2028 721 2092 absolute
752 2028 891 2112 positum
925 2030 958 2091 et
988 2027 1185 2116 »litterarum
1209 2027 1404 2110 studiosum,

211 2148 326 2213 litteris
350 2149 529 2214 eruditum”
553 2171 644 2234 posse
667 2149 848 2234 significare
863 2188 902 2197 —
917 2150 1002 2234 quod
1026 2152 1124 2231 negat
1147 2147 1351 2213 Burmannus
1364 2148 1404 2211 ad

211 2270 243 2334 h.
269 2293 315 2336 us.
339 2310 378 2319 —
401 2275 485 2337 oerte
516 2274 623 2356 potest
651 2272 879 2347 demonstrari3
904 2271 944 2335 of.
969 2292 995 2336 e.
1009 2291 1041 2354 g.
1066 2271 1146 2334 Hor.
1171 2269 1239 2354 Ep.
1256 2267 1282 2335 I.
1309 2271 1339 2334 3.
1365 2271 1403 2334 6:

213 2397 371 2459 »studioso
401 2393 541 2478 cotors”,
570 2396 611 2457 ad
641 2415 734 2477 quem
758 2414 804 2457 us.
830 2392 892 2456 alia
915 2393 1017 2456 multa
1040 2393 1184 2477 exempla
1206 2391 1404 2477 collegerunt

210 2517 410 2602 interpretes.

256 2636 313 2703 Vs.
339 2640 437 2703 3-4.
461 2638 620 2718 Au,u1s1
642 2657 796 2702 usarssss
816 2658 973 2702 uvoroms
994 2657 1120 2700 uoumr.
1138 2635 1307 2712 Sannum,
1328 2635 1401 2699 Hoo

213 2780 317 2824 annun
341 2780 499 2824 unsarans
524 2781 610 2824 vana
635 2780 787 2825 novnrva
812 2762 917 2826 opvs?
941 2759 981 2825 of.
1006 2781 1045 2823 ex
1069 2758 1166 2823 Pont.
1182 2757 1209 2822 I.
1236 2757 1265 2822 7.
1292 2759 1311 2848 3
1334 2774 1400 2841 sq.:

347 2881 474 2946 Iudicat
497 2885 658 2946 auctorem
682 2881 797 2946 loeus?
820 2903 860 2944 an
887 2879 949 2945 nisi
973 2880 1102 2945 nomine
1126 2881 1230 2965 laeto,

392 3003 481 3068 Haee
505 3025 555 3068 ma
578 3003 741 3068 Nasonem
766 3003 902 3068 seribere
925 3002 1023 3066 uerba
1046 3001 1151 3066 latet?
1179 2983 1181 2990 ¹

256 3122 312 3189 Vs.
339 3125 369 3189 3.
393 3125 558 3188 Avoroars
585 3145 710 3188 nouum
735 3123 904 3200 Sunuuvs3
930 3138 1037 3190 auctor
1060 3145 1176 3209 genere
1199 3123 1354 3189 feminino
1369 3127 1406 3188 ut

211 3237 296 3310 Fast.
323 3245 377 3312 VI.
404 3246 485 3311 709:
510 3249 668 3311 iuuoutoiu
691 3260 873 3333 auctorque,
898 3246 976 3310 Met.
1001 3245 1093 3310 VIII.
1121 3247 1202 3311 108:
1223 3249 1405 3311 moritorum

211 3367 587 3434 assimulamus.
613 3369 638 3460 1.
666 3351 719 3433 m.
744 3367 820 3432 Met.
847 3366 935 3432 vm.
962 3369 1038 3432 493.
1063 3366 1151 3431 sau.
1176 3367 1216 3431 v.
1240 3351 1319 3445 roa,
1344 3371 1403 3432 aa.

256 3488 312 3553 Vs.
338 3490 370 3553 4.
393 3488 465 3554 Hoc
489 3510 595 3553 saeva
619 3509 777 3554 uasoraas
803 3510 889 3552 uuna
914 3510 1064 3553 uovmva
1086 3509 1184 3566 ouva,
1204 3491 1292 3554 breue
1309 3513 1403 3577 opus,

212 3609 365 3694 epistula,
390 3615 426 3675 ut
449 3633 488 3675 ex
511 3611 605 3676 Pont.
631 3610 692 3676 ΙΙΙ.
718 3613 748 3676 4.
774 3611 793 3674 5
816 3615 959 3696 ooipuum
984 3634 1083 3698 opuo;
1105 3611 1195 3675 breue
1217 3634 1293 3698 opus
1316 3611 1403 3678 Fast.
1518 3661 1519 3666 .
1599 3613 1601 3620 ’

211 3729 252 3796 V.
278 3731 354 3796 654.
379 3732 418 3796 ef.
446 3732 600 3797 Huebner
623 3733 658 3797 in
680 3733 799 3798 Herme
822 3731 914 3796 XIII.
940 3732 1016 3795 229.

255 3851 388 3917 Locutio
414 3857 541 3918 uoooioos
564 3858 643 3919 uude
666 3867 807 3919 mouetur
830 3878 907 3941 opus
924 3853 1129 3918 uehementer
1148 3857 1196 3918 est
1215 3855 1405 3939 impugnata

212 3996 231 4037 a
262 3973 507 4039 Schneidewino
538 3975 634 4060 (Mus.
668 3975 772 4039 Rhan.
805 3973 847 4039 N.
873 3973 903 4039 S.
937 3974 979 4039 II.
1009 3997 1040 4058 p.
1069 3976 1146 4061 140)
1171 3974 1276 4038 uerbis
1298 3974 1402 4038 hisee:

211 4118 353 4161 »mouere
383 4096 434 4160 bei
462 4094 543 4162 ovid
569 4097 658 4182 (Am.
682 4097 742 4160 III.
770 4101 799 4163 1.
826 4097 856 4162 6.
880 4095 920 4160 A.
933 4095 973 4160 A.
999 4095 1024 4159 1.
1051 4097 1105 4160 29.
1130 4096 1216 4161 Fast.
1239 4096 1297 4160 IV.
1324 4097 1402 4182 820)

211 4215 296 4280 steht
327 4238 391 4280 von
423 4219 494 4281 dem
525 4216 706 4282 Antreiben
738 4218 824 4281 einer
851 4217 1122 4302 Besohiiftigung,
1148 4219 1208 4283 wie
1231 4219 1327 4281 Musa
1350 4219 1404 4284 too

211 4349 312 4401 mouet
343 4360 436 4424 opus,
469 4338 550 4402 Usus
571 4361 647 4425 opus
670 4351 772 4403 mouet
796 4339 859 4403 too.
895 4337 1039 4402 Abarin
1063 4360 1191 4403 unserm
1215 4338 1323 4403 Briefe
1342 4341 1402 4405 soll

211 4479 244 4520 es
271 4457 415 4522 heiszen:
441 4479 506 4524 von
528 4481 609 4523 wem
633 4460 689 4524 das
711 4458 987 4524 Liebesbriefehen
1011 4459 1176 4524 kommt!’'
1212 4458 1259 4524 At
1281 4484 1402 4528 mouoro

210 4600 350 4657 oaomou,
382 4602 458 4666 opus
489 4583 599 4645 eadem
630 4581 806 4657 sententia,
840 4602 904 4664 qua
933 4580 968 4643 in
1000 4579 1061 4645 hae
1091 4579 1244 4665 epistula,
1276 4583 1401 4668 saepius

209 4699 374 4762 inuenitur
409 4701 494 4784 apud
529 4698 697 4766 Ouidium:
733 4722 862 4785 prorsus
894 4703 1002 4765 eodem
1035 4723 1130 4765 sensu
1143 4781 1144 4784 Ἴ
1159 4701 1235 4766 Her.
1260 4701 1336 4768 VII.
1361 4705 1399 4770 4:
