3324 5284
805 442 822 505 7

216 627 267 692 cui
299 628 460 712 praecedit
490 626 645 711 praefatio
676 649 739 711 qua
770 626 1002 692 confirmantur
1026 649 1107 711 quae
1132 625 1407 710 supradiximus,

215 748 399 834 epistulam,
433 771 505 812 cum
536 770 574 812 ex
606 748 781 813 Heroidum
809 769 941 813 numero
964 748 1147 826 excidisset,
1171 749 1235 812 iam
1259 750 1334 814 olim
1358 770 1407 812 se·

215 870 352 955 paratim
387 870 455 934 siue
490 871 652 955 scriptoris
687 871 816 934 nomine
851 892 917 934 esse
952 870 1187 952 circumlatam,
1232 871 1347 934 haecce
1360 868 1404 957 ¹):

216 989 331 1056 >Circa
361 990 459 1055 lesbie
489 991 611 1076 Saphos
642 992 785 1056 mitilene
818 991 985 1076 epistolam
1010 991 1049 1054 ad
1073 991 1230 1075 phaonem
1256 993 1407 1057 dilectum

217 1133 330 1176 »suum
354 1112 513 1196 scriptam.
539 1112 659 1197 Magna
681 1113 787 1177 extitit
811 1113 977 1178 contencio
1001 1114 1072 1197 quis
1097 1113 1157 1178 hoc
1181 1113 1308 1197 insigne
1328 1135 1408 1198 opus

152 1265 156 1271 ·
217 1254 255 1295 »e
288 1253 381 1320 greco
416 1233 452 1296 in
485 1233 622 1297 latinum
657 1234 858 1298 transtulerit
888 1211 1034 1318 quamuis
1065 1235 1147 1298 aduc
1179 1235 1213 1298 in
1246 1235 1341 1298 dubio
1374 1235 1408 1298 id

216 1354 388 1419 »uoluatur
419 1355 606 1418 coniecturis
629 1360 698 1419 tum
722 1357 762 1419 ad
785 1357 818 1420 id
841 1357 973 1419 uentum
998 1360 1061 1433 est,
1086 1357 1171 1439 quod
1195 1356 1319 1420 ouidius
1342 1357 1407 1420 sul·

215 1477 398 1540 amonensis
429 1477 457 1540 is
488 1477 548 1540 siet
571 1478 625 1561 qui
649 1476 859 1542 transtulerit.
885 1476 995 1562 quue
1021 1477 1101 1541 nihil
1125 1478 1292 1542 iocundius
1316 1477 1407 1562 eligi·

216 1598 395 1681 »biliusque
419 1601 506 1662 extet
529 1598 722 1663 carminibus
745 1598 893 1683 elegiacis
917 1597 1023 1662 Ouidii
1046 1600 1140 1683 quale
1164 1599 1259 1664 etiam
1280 1621 1408 1664 carmen

216 1741 387 1802 »praesens
420 1723 571 1784 noscatur
601 1742 675 1784 esse.
710 1721 854 1804 Itemque
876 1742 948 1784 cum
972 1720 1140 1784 uicesimus
1154 1723 1179 1806 ²)
1212 1743 1321 1785 uersus
1353 1721 1408 1805 qui

216 1843 299 1904 »erit
328 1841 422 1905 huius
452 1842 556 1926 operis
586 1843 670 1906 idem
701 1841 877 1926 reperiatur
908 1843 942 1906 in
967 1842 1048 1906 libro
1073 1840 1181 1905 Ouidii
1204 1843 1271 1906 sine
1294 1842 1409 1920 titulo,

217 1962 314 2026 »item
345 1985 454 2027 uersus
485 1964 541 2047 qui
570 1964 665 2027 infra
679 1963 882 2028 habebuntur
906 1963 944 2027 de
967 1967 1091 2027 turture
1114 1964 1197 2027 idem
1222 1964 1305 2047 apud
1330 1962 1407 2027 Oui·

216 2054 327 2147 ndium
360 2086 437 2147 sunt
467 2085 594 2168 scripti,
626 2085 702 2148 item
733 2085 767 2148 in
799 2085 944 2169 pluribus
968 2084 1037 2149 aliis
1061 2084 1204 2148 uersibus
1228 2084 1268 2148 ab
1292 2083 1407 2148 Ouidio

216 2205 364 2288 ascriptis
399 2205 449 2269 uel
480 2206 650 2290 assumptis
682 2227 720 2269 ex
751 2205 811 2270 hoc
844 2227 938 2290 opere
968 2206 1250 2269 coniecturandum
1282 2205 1408 2269 uidetur

216 2325 341 2408 »ipsum
372 2326 433 2390 hoc
464 2347 544 2409 opus
574 2326 806 2390 transtulisse.”
836 2326 962 2391 Titulus
987 2326 1139 2410 epistulae
1162 2329 1227 2390 est:
1259 2325 1408 2391 »Lesbiae

217 2445 360 2532 »Sophos
394 2447 536 2511 Mitelene
569 2449 732 2534 epistolam
767 2451 809 2512 ad
844 2449 1005 2512 Phaonem
1040 2472 1131 2512 anum
1166 2451 1316 2534 scriptam
1348 2449 1407 2532 lopo

216 2566 419 2650 »foeliciter.”
445 2567 483 2630 In
506 2567 569 2631 fine
592 2569 765 2654 epistulae,
790 2572 864 2652 post
887 2568 1181 2652 subscriptionemz.
1195 2567 1305 2631 »Finis
1324 2568 1412 2654 Epi-1

215 2689 289 2752 stola
319 2687 441 2776 Sophos
471 2693 514 2753 od
544 2691 705 2755 Phaonem
737 2691 907 2778 scriptam”
933 2690 1004 2776 (sio)
1030 2690 1183 2773 scriptum
1209 2693 1257 2752 est
1279 2711 1406 2752 carmen

214 2810 315 2874 Marci
338 2811 500 2874 cuiusdam
524 2811 621 2876 Siculi
641 2812 749 2876 laudes
769 2812 918 2896 Sapphus
937 2811 1133 2896 praedicans.
1156 2809 1303 2874 Contulit
1321 2811 1407 2878 huno

213 2929 330 2995 librum
350 2937 495 2996 accurate
516 2956 619 2997 meum
637 2935 672 2997 in
692 2956 784 2998 usum
804 2933 997 3024 J3Kemhe,
1019 2933 1137 2997 amicus
1150 2931 1404 2996 officiosissimus.

260 3053 306 3138 F)
337 3057 405 3118 cod.
437 3053 604 3119 Fuldensis
635 3079 668 3120 n.
705 3057 778 3121 178.
814 3057 844 3119 4.
875 3055 908 3118 (l.
946 3057 1005 3132 17,
1037 3076 1115 3118 saec.
1150 3053 1212 3119 XV
1244 3053 1405 3132 exeuntis,

214 3174 334 3253 chart,
359 3177 433 3258 post
455 3175 583 3240 Sallust.
609 3174 702 3241 Catil.
729 3177 874 3242 eontinet
897 3176 1015 3261 Sapph.
1037 3198 1086 3261 ep.
1108 3176 1176 3262 (fol.
1200 3174 1406 3261 117-1aab)

215 3296 419 3380 inscriptam:
453 3296 597 3384 »Sophos
628 3297 735 3362 Lesbia
768 3299 916 3362 mitilenee
938 3299 1068 3385 epistola
1091 3301 1134 3362 ad
1152 3299 1307 3385 phaonem
1331 3298 1407 3361 dile·

214 3431 296 3482 etam
328 3442 417 3481 sanna
445 3422 554 3505 incipit
575 3419 742 3504 feliciter.''
766 3419 946 3502 Epistulam
973 3419 1106 3503 exeipit,
1132 3440 1230 3502 aeque
1253 3421 1348 3501 atque
1372 3419 1406 3481 in

214 3537 276 3613 H..
302 3559 428 3601 carmen
452 3539 554 3604 Marci
577 3539 675 3605 siculi
699 3543 737 3605 de
761 3541 853 3605 laude
878 3540 1034 3625 Sapphus.
1061 3539 1198 3604 Collatio
1220 3540 1314 3603 huius
1331 3539 1406 3604 libri

215 3661 320 3722 exstat
349 3662 432 3742 apud
456 3658 655 3739 Dronkium,
679 3661 844 3726 Lectiones
869 3660 953 3737 oia,
978 3662 1129 3739 Sallust,
1154 3660 1247 3727 Ouid.
1274 3683 1291 3725 e
1314 3662 1403 3725 codd.

213 3778 361 3844 Fuldens.
379 3780 423 3865 3),
447 3804 479 3865 p.
506 3783 547 3846 30
572 3804 618 3866 sq.

256 3899 304 3983 p,)
330 3900 398 3964 cod.
431 3899 716 3986 Guelferbytanus,
743 3903 784 3966 ab
808 3901 942 3967 Heinsio
966 3908 998 3967 et
1020 3903 1207 3967 Burmanno
1232 3903 1403 3968 Soricaria·

213 4041 275 4083 nus
297 4020 350 4084 uel
373 4020 557 4086 chartaceus
581 4021 728 4087 Scriuerii
749 4023 947 4107 appellatos,
968 4024 1104 4108 scriptus
1125 4045 1176 4087 an.
1200 4024 1305 4101 1456,
1327 4044 1402 4088 con-

212 4141 319 4206 tinens
354 4141 460 4207 Ouidii
492 4145 641 4222 Amores,
673 4143 845 4220 HeroideS,
876 4145 1034 4209 Leonardi
1064 4115 1192 4210 Aretini
1224 4146 1403 4210 uersionem

211 4261 359 4327 Latinam
382 4263 559 4328 Phalaridis
579 4265 806 4348 epistularum,
826 4266 962 4360 Antonii
986 4267 1207 4332 Panormitani
1226 4267 1266 4330 ad
1286 4267 1402 4332 Lamo·

246 4511 273 4576 1)
291 4511 385 4576 Scripta
400 4527 473 4560 manu
490 4511 536 4560 alia
553 4516 624 4576 atquc
641 4529 668 4562 aa
684 4527 743 4577 quae
760 4514 855 4577 scripsit
872 4514 958 4579 Sapph.
978 4530 1014 4580 ep.

246 4593 274 4658 2)
291 4594 346 4657 Lag.
367 4593 507 4643 ,uicesimus
522 4593 631 4658 primus'’
648 4595 686 4656 (ef.
704 4597 758 4644 Am.
778 4597 815 4644 11.
836 4597 858 4644 3.
879 4597 932 4660 13).

246 4677 273 4741 3)
291 4676 375 4740 Progr.
392 4677 479 4740 Gymn.
498 4675 607 4726 Fuldens.
628 4677 700 4727 1849.
