3324 5284
862 391 904 460 68

285 571 422 636 turbatis
452 575 540 638 ueste
570 574 702 659 capillis.
750 597 882 641 uvnuvcr
908 597 965 642 usr
991 599 1024 643 m
1048 601 1202 647 carurnvs
1227 603 1352 650 nvnvu.
1377 580 1479 648 Heiu-

284 693 367 776 sius,
399 692 568 759 Aduersar.
604 696 710 774 1742,
735 718 810 783 pag.
836 699 878 762 66
903 700 998 765 nimis
1025 723 1154 786 operose
1179 705 1298 770 totiens
1321 708 1359 770 de
1383 703 1481 768 crini-

282 816 342 880 bus
364 836 459 901 agere
481 820 607 901 poetam
627 818 826 896 obseruauit3
847 820 982 886 coniecit
1011 823 1127 908 igitur:
1149 828 1181 890 c'cr
1202 829 1342 892 cruribus
1359 849 1484 910 ¹cccccccccc

281 937 303 1002 i.
316 959 342 1004 e.
366 938 569 1022 periscelida,
593 939 761 1024 genualia,
785 945 823 1005 ut
846 942 926 1008 Met.
953 944 996 1010 X.
1024 945 1107 1012 593:

416 1058 596 1146 Poplitibus
620 1061 773 1127 suberant
794 1063 880 1148 picto
903 1066 1054 1149 genualia
1080 1067 1188 1133 limbo.

281 1168 366 1244 Fast.
391 1178 435 1247 ΙΙ.
461 1182 544 1245 323:
568 1180 719 1266 Fregerat
743 1185 882 1251 armillas
907 1208 974 1252 non
997 1188 1053 1252 illa
1077 1189 1117 1253 ad
1141 1187 1270 1253 brachia
1293 1187 1411 1264 factas,

621 1304 816 1372 Scindebant
839 1309 949 1394 magni
971 1309 1100 1374 uincula
1121 1330 1222 1394 parua
1248 1307 1351 1393 pedes.

326 1426 478 1492 Similiter
512 1427 677 1509 Heinsius,
710 1429 880 1498 Aduersar.
912 1432 957 1497 l.l.
990 1435 1023 1496 et
1040 1431 1246 1498 Burmannus
1265 1450 1322 1516 pro
1344 1427 1476 1494 crinibus

280 1548 462 1614 maluerunt
485 1553 624 1616 cruribus
647 1550 724 1617 Her.
748 1552 842 1619 XXI.
868 1554 931 1618 89:
1353 1547 1354 1550 ¹

458 1670 637 1740 Comuntur
661 1679 788 1740 nostrae
811 1677 912 1739 matre
936 1673 1067 1738 iubente
1090 1696 1218 1740 comae:

416 1795 492 1881 Ipsa
515 1797 603 1861 dedit
625 1817 766 1881 gemmas
791 1795 899 1878 digitis
923 1797 955 1858 ot
978 1796 1112 1859 crinibus
1136 1815 1269 1870 aurum,

461 1916 506 1982 Ec
531 1921 633 1982 uestes
657 1916 797 1980 humeris
820 1915 926 1979 induit
947 1913 1016 1997 ipsa
1041 1913 1128 1981 meis.

280 2038 333 2103 Ad
364 2054 458 2122 quem
490 2041 598 2102 tamen
629 2038 734 2102 locum
765 2035 897 2101 Heinsio
927 2038 1012 2100 recte
1045 2036 1143 2101 obicit
1172 2034 1355 2118 Lennopius
1391 2033 1479 2099 aliud

280 2180 346 2224 osse
380 2159 481 2224 crinas
516 2179 657 2236 comere,
694 2158 780 2221 aliud
811 2157 899 2243 pexis
931 2158 995 2223 iam
1027 2161 1060 2223 ct
1090 2160 1225 2244 comptis
1257 2181 1371 2223 aurum
1405 2159 1479 2223 dare

223 2311 226 2316 ·
281 2279 384 2366 [aliud
408 2281 538 2344 ornatos
561 2279 710 2344 odoribus
733 2281 898 2366 imbuerc].
920 2280 1047 2346 Aurum
1070 2282 1221 2346 nimirum
1242 2283 1290 2346 est
1309 2281 1476 2360 craeyylc,

280 2401 415 2482 crinale,
439 2401 479 2467 cf.
503 2401 577 2466 Am.
603 2402 666 2468 Ill.
693 2403 746 2469 13.
772 2403 832 2468 25:

416 2524 566 2610 Virginei
589 2526 690 2591 crines
714 2547 791 2594 auro
815 2547 1004 2611 gemmaque
1025 2527 1224 2609 premuntur.

281 2646 358 2711 Met.
386 2645 424 2712 V.
450 2646 492 2712 52
517 2670 583 2732 sq.:
598 2696 606 2713 .
621 2699 629 2716 .
644 2697 673 2713 ..
698 2648 857 2712 ornabant
880 2649 992 2712 aurata
1015 2637 1147 2710 monilia
1169 2647 1306 2732 collum,

417 2767 461 2832 Et
485 2768 627 2833 madidos
651 2789 758 2833 murra
781 2789 913 2831 curuum
936 2765 1056 2831 crinale
1080 2767 1222 2851 capillos.

280 2889 324 2955 Ec
347 2889 392 2956 sio
415 2889 637 2973 explicandum
662 2889 789 2953 uidetur
814 2912 926 2954 curam
949 2890 1022 2953 Am.
1048 2889 1074 2954 Ι.
1102 2890 1154 2956 10.
1180 2891 1241 2955 61.·

416 3009 610 3075 Scindentur
629 3012 751 3088 uestes,
773 3028 917 3093 gemmae
933 3009 1125 3096 frangentur
1145 3015 1177 3076 et
1197 3033 1319 3076 aurum.

326 3130 416 3198 Neue
450 3131 648 3196 offendamur
682 3127 767 3216 quod
791 3131 909 3196 totiens
932 3135 971 3198 de
992 3133 1132 3200 crinibus
1152 3135 1221 3220 agit
1243 3139 1355 3222 poeta,
1385 3158 1473 3202 com-

280 3257 430 3341 parantes
453 3274 492 3318 ex
511 3251 606 3319 Pont.
630 3252 691 3318 III.
717 3255 746 3318 3.
773 3252 814 3316 15
839 3276 926 3338 sqq.:

416 3375 484 3442 Nec
508 3378 654 3460 torquem
677 3374 779 3459 collo,
804 3396 863 3439 nec
887 3375 1008 3441 habens
1031 3375 1151 3442 crinale
1173 3377 1317 3464 capillis,

462 3499 530 3564 Neo
553 3498 633 3562 bene
655 3496 824 3581 dispositas
848 3500 1010 3582 comptus,
1035 3503 1070 3563 ut
1095 3502 1187 3577 ante,
1212 3521 1327 3566 comas.

416 3618 556 3685 Horrida
580 3619 763 3704 pendebant
785 3605 898 3684 molles
922 3640 1016 3703 super
1039 3641 1094 3684 ora
1118 3620 1234 3706 capilli.

281 3746 314 3808 at
336 3741 453 3808 Tibull.
479 3741 506 3809 I.
533 3741 563 3806 8.
590 3743 609 3806 9
635 3763 700 3825 sq.:

417 3862 499 3939 Quid
521 3863 582 3928 tibi
604 3874 690 3928 nun'c
714 3862 824 3927 molles
847 3862 977 3947 prodest
1000 3864 1131 3928 coluisse
1154 3865 1303 3952 capillos,

462 3983 625 4071 Saepeque
648 3987 787 4049 mutatas
810 3985 1000 4070 disposuisse
1023 4007 1140 4052 comas.

327 4230 385 4299 Vs.
410 4229 452 4298 76
475 4248 533 4317 pro
555 4227 706 4316 uulgato:
732 4225 806 4297 Nou
829 4228 942 4296 Arcano
963 4248 1088 4297 noscas
1103 4251 1187 4298 acca
1201 4251 1357 4302 caminus
1371 4256 1471 4320 cunr,

281 4376 365 4419 unus
373 4355 404 4441 f.
418 4352 563 4419 exhibet:
577 4353 654 4418 Non
665 4352 809 4418 Arabum
821 4366 924 4418 noster
936 4356 1018 4418 donc
1030 4355 1158 4442 capillus
1170 4355 1361 4444 tabet(dcnc
1373 4360 1470 4454 etiam

281 4502 324 4562 c,.
337 4478 372 4561 a)
384 4523 392 4554 ,
423 4479 510 4562 qnod
533 4475 618 4540 haud
640 4473 704 4539 scio
729 4497 771 4538 an
795 4475 837 4538 sit
859 4474 1116 4558 praeferendum,
1146 4498 1340 4563 quamquam
1362 4480 1397 4544 in
1424 4481 1471 4546 le·

282 4598 387 4664 ctione
411 4599 544 4683 uulgata
567 4597 649 4664 nihil
672 4596 755 4662 inest
777 4597 864 4682 qnod
888 4597 1110 4681 reprehendas.
1151 4599 1283 4666 Frustra
1307 4603 1391 4667 enim
1414 4603 1471 4667 im·
