3324 5284
773 516 816 580 45

195 721 289 785 quam
324 722 417 785 posse
449 701 584 785 eogitari
617 721 712 785 quam
744 701 771 764 si
805 699 952 785 Sappho,
984 699 1148 764 Phaonem
1180 701 1220 764 ad
1252 721 1391 766 amorem

195 822 243 886 sui
283 827 487 900 reuocatura,
519 823 549 887 ei
579 825 687 887 narret
718 844 751 886 se
782 821 965 906 turpissimo
996 821 1105 906 aliquo
1141 822 1257 886 scelere
1290 824 1390 887 socias

195 945 227 1006 et
266 943 382 1007 amiens
419 966 492 1008 suas
528 966 664 1028 amasse,
702 943 939 1028 praeteruident
974 947 1119 1028 poetam,
1156 943 1183 1007 si
1213 947 1391 1029 reputasset

194 1065 354 1148 quomodo
385 1065 459 1130 talis
490 1067 536 1130 rei
563 1066 865 1132 commemoratione
896 1065 1038 1130 Phaonis
1062 1067 1182 1151 pectus
1197 1065 1388 1144 afficeretur,

193 1185 293 1250 satius
320 1187 452 1251 omnino
475 1187 571 1252 fuisse
596 1188 764 1252 ducturum
785 1209 852 1252 rem
874 1190 939 1251 tam
961 1188 1131 1258 obscenam
1153 1187 1281 1252 silentio
1299 1208 1389 1272 prae-

192 1308 287 1372 terire
321 1331 416 1393 quam
453 1309 521 1374 sine
560 1307 626 1373 ulla
661 1309 849 1373 necessitate
884 1331 1009 1374 uersum
1045 1308 1229 1394 importuno
1260 1307 1316 1372 illo
1340 1309 1389 1373 die

192 1430 348 1495 uocabulo
381 1431 551 1496 ridiculum
577 1431 748 1494 admodum
775 1430 905 1494 efficere.
930 1431 1093 1495 Loersium
1117 1435 1222 1494 autem
1248 1430 1389 1513 aliosque

192 1554 271 1614 noto
294 1552 350 1615 illo
374 1573 479 1616 errore
503 1552 629 1616 uidetur
652 1551 773 1636 fugisse
797 1553 860 1615 sine
883 1554 1009 1616 erimine
1028 1551 1159 1615 minime
1178 1551 1284 1616 ualere
1303 1551 1388 1614 idem

194 1692 232 1735 ao
255 1675 318 1738 sine
341 1674 464 1757 scelere,
488 1679 683 1761 quamquam
706 1672 788 1736 illud
811 1672 876 1736 ism
901 1672 977 1736 olim
999 1675 1085 1736 recte
1108 1679 1176 1737 erat
1196 1672 1388 1757 interpreta-

194 1795 264 1857 tus¹
292 1792 451 1858 Domitius
495 1791 697 1858 Oalderinus:
739 1795 803 1857 sine
844 1795 1056 1858 criminatione
1087 1807 1116 1858 et
1149 1795 1386 1881 reprehensione.

191 1904 263 1980 Hoc
286 1937 363 2000 ergo
387 1916 465 1980 dicit
487 1915 618 2000 Sappho
641 1936 692 1994 se,
719 1937 789 1979 eum
814 1916 937 1979 amaret
955 1937 1007 1979 eas
1027 1915 1167 2000 puellas,
1187 1915 1334 1980 incidisse
1351 1915 1387 1979 in

191 2036 282 2120 uulgi
319 2036 590 2114 criminationem,
626 2036 647 2100 i.
669 2057 695 2100 e.
732 2058 765 2100 se
799 2035 917 2100 laetam
953 2057 1019 2100 esse
1052 2037 1222 2122 infamem:
1258 2057 1387 2121 prorsus

159 2205 160 2208 ,
192 2158 293 2242 igitur
314 2159 397 2224 idem
422 2161 507 2243 quod
530 2158 600 2243 ipsa
624 2158 702 2223 dicit
724 2181 772 2223 us.
798 2159 881 2223 201:

349 2279 512 2358 Lesbides,
544 2279 697 2344 infamem
721 2301 802 2364 quae
825 2302 875 2344 me
899 2279 1016 2345 fecistis
1039 2284 1164 2345 amatae
1178 2279 1215 2366 ¹),

191 2402 246 2486 qui
281 2425 364 2466 unus
400 2423 509 2467 uersus
543 2403 606 2465 iam
636 2423 692 2486 per
712 2423 745 2466 se
764 2401 840 2466 satis
859 2401 1026 2466 manifeste
1049 2402 1191 2466 ostendit
1208 2401 1384 2486 genuinam

191 2545 258 2588 esse
289 2523 474 2588 lectionem:
511 2548 588 2610 quos
621 2548 683 2589 nore
713 2527 776 2588 sine
799 2527 925 2589 erimine
947 2526 1074 2602 emaci,
1102 2526 1174 2602 aut,
1203 2528 1241 2588 ut
1262 2547 1282 2588 a
1301 2524 1384 2588 Bur-

191 2665 310 2709 manno
327 2649 360 2710 et
377 2645 522 2710 Bentleio
537 2645 666 2730 —hoe,
690 2648 787 2731 puto,
811 2645 944 2709 consilio
968 2649 1005 2708 ut
1015 2665 1070 2728 per
1081 2644 1239 2710 rationem
1251 2647 1381 2730 palaeo-

190 2765 376 2851 graphicam
404 2769 563 2851 quomodo
587 2767 621 2831 in
642 2767 803 2831 codicibus
828 2766 909 2831 illud
933 2767 980 2830 die
1003 2768 1086 2830 esset
1108 2770 1221 2831 natum
1246 2766 1385 2851 explica·

189 2891 263 2952 rent
288 2927 327 2938 -
354 2893 403 2953 est
426 2888 623 2954 coniectum:
647 2911 743 2974 quos,
767 2910 818 2952 nec
840 2890 903 2952 sine
925 2889 1068 2970 erimine,
1095 2891 1209 2954 emaci.

235 3007 383 3074 Ceterum
413 3031 527 3095 operae
558 3013 607 3074 est
637 3009 775 3095 pretium
806 3009 1057 3074 animaduertere
1080 3011 1277 3093 quantopere
1300 3008 1386 3073 inter

190 3151 223 3194 se
246 3131 440 3195 concordent
461 3131 496 3195 hi
519 3133 646 3195 nostrae
670 3129 830 3214 epistulae
846 3131 976 3214 uss.·'19
1001 3134 1033 3193 et
1055 3130 1118 3193 201
1141 3131 1174 3193 et
1192 3129 1281 3194 locus
1299 3130 1385 3214 apud

190 3249 319 3315 Suidam
340 3276 371 3318 ιι.
393 3252 534 3330 Zered:
559 3253 677 3330 ἑταῖραι
698 3252 823 3326 δἀὐτῆς
843 3253 993 3329 γεγόνασι
1006 3256 1051 3329 γ’,
1068 3249 1178 3324 Ἀτθὶς
1192 3250 1382 3316 Tenebrae

189 3376 348 3454 Μεγάρα,
374 3377 443 3455 πρὸς
468 3367 505 3446 ἃς
532 3375 583 3439 καὶ
609 3374 756 3454 διαβολὴν
781 3372 874 3455 ἔσχεν
899 3375 1036 3454 αἰσχρᾶς
1058 3373 1180 3454 φιλίας.

236 3618 337 3695 Quam
368 3620 552 3704 frequenter
582 3622 688 3684 aulem
720 3617 852 3683 Ouidius
883 3617 934 3682 his
964 3619 1028 3682 sine
1059 3620 1185 3683 erimine
1217 3619 1319 3684 uerbis
1344 3642 1382 3686 eo

189 3741 260 3825 ipso
290 3764 399 3806 uersus
431 3741 518 3826 loeo,
550 3741 583 3807 h.
603 3763 628 3806 e.
663 3741 698 3804 in
728 3740 792 3804 fine
815 3739 922 3824 quarti
944 3739 1034 3823 pedis
1056 3742 1089 3802 et
1112 3740 1147 3803 in
1169 3740 1281 3825 quinto
1303 3743 1382 3826 pede
1419 3823 1422 3830 Ι

189 3861 382 3940 hexametri,
405 3884 480 3926 usus
504 3862 547 3926 sit
569 3863 662 3926 docet
681 3862 830 3946 exemplis
842 3860 1008 3946 permultis
1020 3861 1060 3924 A.
1073 3859 1112 3926 R.
1127 3861 1289 3946 Zingerle,
1307 3863 1380 3928 Ori-
1425 3853 1429 3860 ¹

190 3985 260 4048 diua
295 3986 361 4048 und
391 3985 454 4048 sein
496 3983 706 4049 Verbueltnisz
730 3987 789 4049 eet.
814 3983 840 4050 I.
865 4004 938 4068 pag.
971 3984 1011 4049 17
1036 3983 1238 4068 sq.;-quibur
1263 3988 1295 4049 et
1318 3985 1381 4049 alia

190 4107 325 4187 possunt
348 4104 440 4182 addi,
465 4108 503 4168 ut
525 4105 598 4170 Am.
623 4104 649 4169 I.
676 4107 705 4170 3.
733 4106 785 4170 13.
810 4104 867 4170 ΠΙ.
893 4107 924 4169 4.
951 4106 1003 4170 39.
1028 4103 1105 4169 Her.
1130 4105 1187 4170 IX.
1214 4106 1290 4171 137.

235 4222 381 4289 Carnum
405 4245 525 4291 survi:
552 4226 706 4292 eiusmodi
731 4225 871 4291 elisionis
895 4225 955 4291 hoe
981 4248 1026 4292 us.
1039 4226 1110 4290 loco
1124 4225 1224 4290 multa
1236 4226 1380 4311 exempla

188 4367 227 4408 ex
263 4344 370 4410 Ouidii
407 4347 602 4412 carminibus
637 4347 766 4432 collegit
800 4346 1028 4431 Esehenburg,
1061 4347 1224 4412 Metrisclee
1266 4346 1379 4412 Ueter-

188 4467 361 4552 srecleunpeo
384 4493 442 4534 zur
464 4468 623 4534 Aeedtleee‘t
645 4472 700 4534 der
722 4467 873 4534 Heroides
896 4471 948 4534 des
974 4467 1062 4534 Ooid.
1076 4467 1103 4554 ς)
1126 4488 1199 4552 pag.
1225 4469 1262 4544 6;
1287 4469 1339 4536 15.

225 4660 248 4718 1)
268 4658 314 4706 Ubi
331 4665 427 4710 amatae
443 4675 516 4709 unam
532 4674 614 4708 ueram
631 4674 679 4707 esse
696 4657 821 4708 lectionem
839 4675 882 4708 suo
896 4657 948 4706 loco
965 4658 1012 4706 erit
1027 4657 1243 4706 demonstrandum.

223 4741 251 4805 2)
269 4741 353 4804 Progr.
372 4743 483 4805 Gymnas.
501 4739 707 4790 Luebeclr.1874.
