3274 5292
253 947 394 1012 Macrob.
419 945 486 1012 Sat.
512 944 582 1011 VII.
605 943 664 1011 IV.
692 945 751 1008 12:

300 1069 374 1153 quia
398 1089 464 1136 non
489 1087 611 1144 cumn,
636 1089 716 1150 qnae
740 1065 806 1130 esni
830 1070 923 1144 nunt,
945 1089 1012 1130 una
1034 1068 1150 1129 natura
1174 1066 1231 1128 est.

299 1189 484 1274 Legendnm
512 1207 654 1254 onnnvn.

254 1698 324 1763 Lin.
349 1697 518 1763 XXXVII.
544 1697 585 1761 41
610 1697 655 1761 in.

300 1819 427 1884 Nebula
458 1819 636 1896 matutina,
670 1823 828 1884 crescente
859 1820 909 1883 die
938 1821 1045 1884 lenate
1077 1819 1112 1883 in
1136 1819 1255 1895 nubes,
1280 1817 1448 1902 eaIIginem

256 1942 360 2023 dedic
386 1941 501 2005 humor
523 1941 598 2004 inde
622 1941 663 2005 ab
687 1944 794 2005 austro
817 1941 907 2005 uelut
929 1940 1070 2025 perfudit
1091 1941 1208 2004 omnic.

302 2062 504 2146 Legendum:
538 2062 651 2127 humor
681 2063 756 2127 inde
780 2067 886 2127 austro
911 2063 1062 2126 aduectus
1085 2061 1225 2146 perfudit
1248 2062 1364 2126 omnia.
1392 2061 1448 2146 (cf.

256 2185 329 2251 Seu.
354 2183 438 2248 Med.
464 2184 554 2270 584).

809 2432 908 2506 XVI.

257 2697 331 2763 Tac.
356 2697 462 2762 Germ.
489 2698 519 2760 3.
543 2697 604 2761 in..

303 2818 387 2883 Sunt
417 2818 481 2882 illis
512 2818 589 2882 haec
620 2839 746 2902 quoque
770 2803 928 2893 carmine,
954 2837 1088 2900 quornm
1113 2817 1232 2894 relatu,
1258 2838 1351 2900 quem
1376 2817 1453 2880 bar·

258 2941 359 3005 ditum
392 2942 525 3016 nocent,
558 2940 736 3005 accendunt
769 2939 893 3003 animos
925 2939 1113 3023 futuraeque
1137 2959 1265 3022 pugnae
1287 2938 1453 3002 fortunam

256 3063 327 3145 ipso
351 3065 448 3126 cantu
472 3063 681 3144 augurantur.

304 3182 488 3267 Legendnm
513 3187 577 3247 est:
601 3180 685 3247 Sunt
707 3181 772 3246 illis
797 3182 923 3246 heroica
948 3203 1072 3266 quoqne
1095 3181 1236 3246 carmina
1260 3184 1319 3244 cet.

794 3433 912 3505 XVII.

306 3693 341 3756 In
368 3693 451 3777 Lege
475 3695 542 3759 XII
566 3695 664 3772 Tan,
690 3696 768 3761 Teb.
795 3694 839 3759 II.
865 3697 884 3758 2
910 3715 968 3778 pro
992 3697 1056 3758 dies
1080 3696 1227 3781 defitnecs
1251 3691 1453 3756 scribendum

259 3817 308 3879 est
331 3836 403 3878 cum
430 3815 564 3880 Vrsino:
589 3820 652 3882 dies
675 3821 802 3905 diffisus.

785 4065 922 4137 XVIII.

305 4325 389 4389 Fest.
422 4348 452 4388 u.
485 4325 597 4390 Vnsns
630 4325 673 4409 (p.
701 4326 744 4389 93
768 4323 931 4410 Mueller):
965 4325 1069 4390 Fastis
1097 4326 1206 4390 diebus
1228 4325 1368 4389 iucunde
1391 4323 1455 4388 fari

261 4447 394 4523 flectat,
419 4447 550 4510 nefastis
575 4447 728 4531 quaedem
752 4467 819 4509 non
842 4447 959 4510 licebat
982 4447 1052 4510 fari.

307 4571 439 4633 iucunda
463 4569 652 4632 mutandum
677 4567 780 4630 estin
805 4580 919 4634 cuncta.
