3324 5284
775 413 815 482 15

195 603 363 688 affirmari,
388 603 483 667 etiam
506 606 579 686 post
602 602 771 686 diligentes
797 599 942 664 Merkelii
965 595 1188 684 inquisitiones
1208 602 1257 686 (in
1275 595 1387 667 Fasto-

193 747 263 789 rum
288 729 320 789 et
343 723 494 788 Tristium
520 723 594 788 edit.
620 723 708 809 mai.)
732 723 852 806 nequit.
888 720 936 786 De
957 721 1047 788 codd.
1068 725 1177 785 tamen
1197 721 1298 805 Bodl,
1313 723 1388 787 Lin-

193 845 289 923 coln..
313 845 447 922 Menam,
472 843 573 908 Palat.
595 843 773 908 accuratius
794 864 881 907 nunc
901 845 1007 926 potest
1026 841 1158 906 iudicari
1177 863 1272 925 quarn
1285 843 1388 909 adhuc

194 970 242 1030 est
273 967 412 1042 factum,
437 986 509 1029 curn
534 963 573 1030 A.
599 962 723 1028 Gercke
748 985 836 1026 meus
860 962 1002 1026 Berolini
1024 963 1060 1025 in
1084 961 1278 1026 bibliotheca
1301 965 1389 1048 regia

155 1126 158 1134 ·
193 1087 354 1150 inuenerit
383 1107 551 1169 meumque
580 1084 615 1147 iu
648 1105 739 1147 usum
765 1083 897 1147 comiter
920 1083 1120 1166 descripserit
1142 1083 1240 1167 ipsius
1264 1085 1389 1150 Heinsii

192 1207 319 1270 illorum
352 1208 441 1272 codd.
475 1207 680 1288 collationes,
714 1205 847 1288 scriptas
874 1205 908 1268 in
933 1205 1077 1288 margine
1101 1205 1289 1289 exemplaris
1313 1207 1387 1274 edit.

196 1327 287 1392 Ouid.
301 1329 435 1395 Elaeuir.
453 1329 539 1393 1629
552 1326 654 1413 (Dian.
664 1335 707 1396 11.
721 1327 821 1411 1068)
834 1327 893 1390 sub
908 1326 1022 1390 litteris
1035 1326 1386 1409 deincepsA,B‚1‹*‚G.

240 1451 279 1514 In
303 1451 439 1514 citandis
462 1454 569 1514 autern
594 1449 658 1513 illis
682 1448 807 1512 Heinsii
833 1448 1010 1525 codicibus,
1035 1449 1090 1532 qui
1111 1468 1178 1511 non
1197 1447 1388 1513 nominatim

195 1572 235 1635 ab
260 1591 296 1636 eo
318 1571 508 1648 laudantur,
529 1573 702 1656 praeeunte
721 1569 844 1633 Kornio
865 1568 913 1654 (in
932 1568 1006 1634 edit.
1029 1567 1122 1633 Ouid.
1136 1591 1206 1652 epp.
1220 1591 1257 1633 ex
1270 1568 1389 1654 Ponto)

194 1695 268 1756 utar
291 1691 487 1776 compendiis
510 1691 615 1756 hisce:

239 1813 479 1893 eb=nonnulli
503 1812 594 1876 codd.
620 1812 660 1875 ab
685 1811 818 1875 Heinsio
842 1811 909 1875 sine
933 1811 1063 1875 nomine
1085 1811 1216 1879 laudati.

239 1933 454 2018 u=plurimi
489 1933 541 1997 uel
572 1954 683 1997 omnes
712 1934 803 1996 codd.
829 1931 982 2018 ⁸Heinsii,
1015 1952 1152 2015 quorum
1176 1933 1307 1997 nomina
1331 1956 1388 2000 ne-

283 2056 435 2122 sciuntur.

241 2177 410 2241 Accedunt
433 2176 482 2240 his
495 2174 656 2240 codicibus
669 2175 824 2239 editiones
837 2173 1013 2239 Ouidianae
1025 2176 1184 2259 principes
1195 2176 1388 2240 rarissimae:

241 2299 303 2384 131)
327 2298 423 2362 editio
448 2296 540 2363 Ouid.
563 2297 664 2380 princ.
690 2295 903 2360 Bononiensis
923 2317 974 2360 an.
998 2297 1102 2373 1471,
1124 2297 1162 2360 de
1183 2319 1245 2380 qua
1263 2297 1388 2381 copiose

196 2419 262 2502 egit
284 2419 324 2484 Α.
346 2418 464 2496 Runa,
487 2419 526 2482 de
549 2417 641 2484 Ouid.
668 2418 748 2484 med.
774 2417 833 2482 fac.
858 2439 890 2500 p.
917 2418 973 2490 21;
999 2419 1040 2482 32
1054 2439 1100 2501 sq.
1134 2417 1172 2482 In
1193 2440 1229 2482 ea
1249 2419 1388 2483 editione

195 2537 321 2624 Sapph.
352 2561 399 2622 ep.
434 2540 502 2603 sine
532 2539 597 2602 ulla
626 2538 834 2622 inscriptione
866 2537 917 2602 uel
950 2539 1180 2622 subscriptione
1212 2538 1387 2604 Heroidum

193 2682 325 2725 numero
356 2664 404 2724 est
438 2659 624 2744 postposita.
649 2658 821 2742 Exemplar
843 2658 938 2723 huius
961 2659 1109 2723 editionis
1132 2681 1213 2743 quae
1237 2661 1387 2724 adserua-
1469 2754 1472 2759 .

193 2786 246 2846 tur
288 2781 440 2846 Londinii
483 2781 518 2844 in
554 2781 663 2845 Museo
699 2779 899 2844 Brittannico
936 2777 1120 2866 (Greenville
1161 2779 1323 2846 Collectioa
1354 2807 1386 2846 m

196 2902 385 2986 10035-6)
410 2901 547 2966 officiose
570 2923 676 2965 meum
700 2901 735 2964 iu
760 2923 853 2965 usum
877 2901 1044 2986 descripsit
1066 2901 1092 2968 I.
1116 2901 1248 2980 Kemke.

238 3027 266 3108 ρ)
289 3023 385 3088 editio
408 3023 500 3090 Ouid.
521 3024 623 3106 princ.
644 3022 790 3086 Romana
810 3045 862 3087 an.
879 3023 983 3101 1471,
1005 3023 1043 3087 de
1063 3045 1126 3107 qua
1137 3022 1177 3087 cf.
1191 3023 1388 3108 Sedlmayer,

193 3146 305 3228 (Proll.
330 3169 361 3230 p.
388 3145 546 3231 25-27),
571 3145 622 3209 cui
645 3148 826 3209 accuratam
850 3143 943 3208 huius
967 3145 1068 3228 partis
1090 3144 1165 3208 libri
1183 3145 1386 3210 collationem

194 3268 301 3332 debeo.
337 3267 455 3351 Sapph.
481 3289 529 3350 cp.
554 3267 589 3329 in
613 3288 650 3330 ea
673 3270 721 3330 est
743 3266 829 3329 inter
853 3265 1006 3349 epistulas
1029 3288 1068 3330 ex
1091 3266 1195 3330 Ponto
1220 3269 1252 3329 et
1274 3265 1387 3332 Fastos

193 3385 331 3466 inserta,
364 3411 436 3453 curn
459 3387 572 3452 titulo:
598 3387 726 3475 Sappho
750 3399 836 3452 aures
860 3388 1031 3452 clarissima
1056 3390 1099 3452 ad
1114 3388 1283 3452 Phaonem
1305 3391 1386 3454 smu-

194 3510 257 3574 lam
280 3513 344 3574 eius
366 3523 545 3575 amatorem.

240 3630 368 3696 Praeter
389 3633 438 3717 B1
465 3635 496 3695 et
519 3654 551 3712 ρ,
577 3629 731 3694 editiones
755 3631 869 3715 prinu,
890 3625 966 3695 alias
987 3652 1114 3715 quoque
1133 3631 1285 3696 editiones
1297 3635 1385 3696 uete-

194 3773 243 3816 res
267 3752 410 3817 conferre
434 3751 541 3816 studui
565 3751 760 3835 complures3
782 3752 820 3816 de
839 3774 975 3837 quarum
994 3756 1102 3816 tamen
1122 3755 1253 3817 externa
1263 3753 1387 3817 ratione

195 3877 227 3937 et
262 3878 374 3940 mutua
403 3875 488 3938 inter
519 3895 551 3937 se
582 3871 814 3937 necessitudine
845 3896 899 3952 ea,
931 3895 1012 3958 quae
1042 3874 1106 3936 iarn
1137 3873 1192 3937 alii
1223 3913 1263 3922 -
1296 3873 1386 3939 Sedl-

196 4017 304 4078 mayer
327 3995 462 4059 maxime
486 3993 598 4080 (Proll.
622 4016 654 4077 p.
681 3994 825 4074 27-31)
849 3997 882 4059 et
904 3993 999 4060 Kana
1025 3993 1093 4080 (1.1.
1120 4017 1152 4078 p.
1179 3996 1219 4058 21
1235 3996 1317 4080 sqq.)
1343 4032 1383 4042 -

196 4115 361 4194 dixerunt,
387 4117 439 4182 hie
461 4119 604 4200 repetere
626 4115 753 4180 uidetur
776 4139 1052 4201 superuacaneum.
1090 4115 1204 4182 Oitabo
1228 4120 1385 4180 autemex

188 4236 233 4300 iis
257 4239 386 4302 nonnisi
409 4260 461 4302 eas
482 4237 651 4315 lectiones,
676 4259 758 4321 quae
780 4237 908 4302 aliunde
931 4239 1079 4323 cognitae
1101 4259 1168 4302 nou
1193 4241 1277 4301 sunt.

240 4481 409 4549 Librorum
433 4505 512 4570 quos
534 4507 630 4569 supra
649 4485 833 4550 enumeraui
849 4486 991 4549 omnium
1011 4485 1074 4547 duo
1094 4481 1292 4566 potissimum
1307 4486 1385 4548 sunt

196 4605 424 4690 distinguenda
456 4627 591 4691 genera,
628 4626 763 4690 quorurn
798 4607 934 4671 alterurn
966 4605 1111 4671 continet
1139 4604 1239 4670 libros
1272 4606 1410 4690 poetae'
