3274 5292
848 404 913 468 134

284 588 427 674 profecto
458 609 524 651 non
556 589 621 650 tam
654 586 816 670 desperate
848 607 881 649 se
911 585 1009 649 babet
1039 606 1088 649 res
1120 587 1153 648 et
1181 585 1337 667 quaedam
1361 583 1473 648 saltem

283 709 401 773 indicia
423 707 576 771 habemus
589 703 626 792 ¹).
651 704 739 771 Neue
763 705 933 770 admodum
958 705 1109 768 miremur
1131 704 1275 769 fabulam
1286 703 1338 769 hic
1351 705 1472 768 narrari

284 829 413 894 aliunde
436 849 502 892 non
527 828 603 892 satis
627 830 753 892 notam:
780 831 912 911 apparet
935 827 1020 890 euim
1045 848 1084 890 ex
1107 830 1176 890 tota
1199 825 1334 911 epistula
1346 829 1473 910 poetam

184 979 185 982 ¹
284 949 482 1034 singularum
507 971 611 1012 rerum
632 948 817 1032 cognitione
837 947 923 1010 haud
942 946 1056 1012 leuiter
1073 946 1169 1012 fuisse
1181 947 1473 1030 imbutum,neque

284 1070 440 1134 absonum
472 1073 520 1133 est
550 1072 689 1133 statuere
711 1090 782 1132 eum
809 1068 1043 1133 Alexandrinos
1068 1069 1204 1132 maxime
1228 1090 1293 1133 esse
1318 1071 1469 1134 secutum.

283 1192 336 1256 Ab
374 1191 424 1255 his
455 1191 540 1255 enim
571 1190 741 1276 populares
773 1189 958 1254 Lesbiorum
988 1188 1113 1254 fabulas
1144 1190 1182 1254 de
1212 1189 1383 1274 Sapphone
1407 1211 1473 1254 esse

283 1312 431 1376 collectas
462 1311 670 1396 probabiliter
701 1311 872 1374 admodum
900 1311 1066 1375 contendit
1090 1309 1302 1396 Comparetti‚
1326 1311 1371 1378 l.l.
1396 1333 1470 1397 pag.

196 1519 198 1522 Ι
284 1431 324 1496 51
358 1454 426 1517 sqq.
463 1429 543 1497 (ium
574 1432 613 1497 iis
645 1435 752 1496 eutem
783 1431 879 1496 fuisse
903 1432 1106 1497 coniunctam
1130 1432 1244 1497 miram
1267 1432 1410 1496 fabulam
1433 1435 1470 1498 de
1544 1459 1549 1464 ·

283 1552 486 1618 Deucalionis
521 1553 605 1618 saltu
639 1553 792 1617 amatorio
828 1553 982 1637 sagaciter
1017 1553 1170 1628 coniecit,
1206 1556 1243 1617 ut
1277 1553 1341 1617 iam
1376 1575 1472 1639 supra

284 1675 438 1752 uidimus,
467 1675 527 1740 Th.
552 1675 639 1752 Birt,
672 1675 693 1740 l.
715 1675 736 1738 1.·
769 1695 843 1759 pag.
876 1676 959 1758 432;
991 1697 1072 1760 quae
1106 1676 1288 1740 coniectura
1311 1697 1347 1741 eo
1370 1677 1471 1760 magis

284 1795 389 1880 placet
410 1796 486 1879 quia
508 1796 542 1859 in
567 1795 668 1860 Lesbo
691 1795 797 1860 insula
821 1798 854 1860 et
877 1797 995 1882 oppido
1018 1797 1142 1862 cuidam
1168 1800 1201 1862 et
1217 1797 1321 1863 monti
1332 1796 1472 1882 Pyrrhae

284 1918 353 1980 erat
374 1937 501 1983 nomen.

330 2037 411 2101 Vtut
433 2041 497 2114 est,
522 2037 582 2101 hoc
607 2058 665 2121 pro
690 2041 775 2102 certo
801 2037 956 2104 affirmare
978 2039 1041 2103 iam
1062 2061 1129 2104 non
1150 2041 1280 2116 dubito,
1302 2040 1392 2105 nulla
1412 2041 1473 2106 alia

283 2156 394 2220 fabule
426 2157 489 2222 nisi
519 2180 572 2243 ea,
607 2181 687 2242 quae
718 2181 734 2223 e
766 2159 902 2224 lectione
935 2182 953 2224 a
983 2160 1076 2224 nobis
1099 2182 1138 2224 ex
1161 2161 1206 2224 H.
1232 2165 1263 2225 et
1287 2162 1324 2227 F.
1349 2165 1474 2245 recepta

287 2277 368 2363 (nel,
400 2300 480 2362 quae
510 2279 619 2343 eodem
651 2280 750 2356 redit,
785 2279 973 2366 Heinsiana)
1003 2282 1166 2359 tradatur,
1205 2303 1296 2366 posse
1322 2282 1473 2366 explicari

285 2399 443 2482 quomodo
467 2404 623 2484 congruat
647 2399 739 2465 Ouid.
767 2402 841 2465 Am.
866 2400 908 2465 ΙΙ.
936 2404 987 2468 18.
1015 2403 1071 2466 34:

510 2521 573 2586 Det
595 2525 704 2585 uotam
728 2521 857 2586 Phoebo
881 2522 990 2587 Lesbis
1013 2537 1121 2589 amata
1143 2524 1247 2609 lyram

282 2663 347 2706 non
381 2642 451 2706 dieo
482 2664 554 2707 eum
578 2642 697 2728 Sapph.
722 2665 771 2727 ep.
797 2666 843 2709 us.
872 2646 954 2722 18],
980 2647 1034 2709 sed
1057 2667 1128 2709 cum
1151 2647 1312 2711 communi
1332 2646 1415 2709 fama
1435 2648 1472 2710 de

283 2763 455 2847 Sapphone
483 2768 514 2828 et
537 2765 622 2828 notis
643 2765 710 2829 eius
733 2787 806 2830 cum
830 2766 961 2831 Phaone
985 2789 1128 2832 amorum
1152 2767 1279 2832 fabulis.
1304 2767 1373 2832 Hae
1398 2789 1471 2832 uero

282 2881 420 2949 lectione
451 2885 604 2969 admissa,
637 2886 757 2969 optime
794 2888 889 2950 simul
922 2889 1009 2952 inter
1039 2910 1072 2952 se
1095 2888 1265 2953 conuenire
1287 2893 1376 2973 patet
1399 2890 1472 2954 Am.

284 3007 327 3070 Il.
356 3007 408 3070 18.
435 3007 478 3070 34
502 3009 534 3069 et
557 3006 675 3091 Sapph.
701 3029 749 3091 ep.
774 3031 820 3073 us.
847 3009 921 3073 181.

329 3125 460 3192 Summa
488 3127 589 3211 igitur
619 3128 844 3212 disputationis
875 3136 1001 3197 nestrae
1022 3131 1085 3196 hue
1111 3133 1211 3210 redit,
1235 3131 1323 3197 nullo
1345 3132 1414 3196 iure
1437 3153 1475 3197 ex

283 3249 438 3314 Amorum
469 3250 538 3314 loeo
564 3249 662 3314 citato
681 3272 772 3334 posse
792 3251 889 3330 effici,
913 3253 1081 3337 epistulam
1102 3253 1250 3339 Sapphus
1269 3276 1365 3338 quam
1389 3274 1476 3318 nune

283 3369 474 3446 habeamus,
507 3371 662 3436 diuersam
686 3395 752 3436 esse
771 3374 811 3437 ab
839 3374 895 3438 ille
919 3397 1014 3459 quam
1039 3375 1199 3460 scripsisse
1223 3398 1256 3442 se
1279 3378 1387 3440 tradat
1408 3376 1475 3460 ipse

285 3489 426 3557 Ouidius.
484 3509 487 3515 '

329 3734 404 3799 Vna
427 3758 499 3801 cum
523 3739 682 3803 sententia
707 3762 763 3804 sua
787 3740 825 3804 de
849 3763 896 3805 us.
923 3740 984 3804 181
1012 3741 1097 3805 aliud
1120 3743 1216 3806 etiam
1230 3746 1473 3827 argumentum,

284 3879 347 3942 quo
378 3858 545 3943 epistulam
575 3863 719 3924 nostram
743 3860 882 3945 spuriam
908 3883 974 3925 esse
998 3864 1229 3927 demonstraret
1252 3861 1475 3928 Schneidewin

284 4001 322 4043 ex
352 3979 464 4043 iisdem
497 3978 603 4044 Ouidii
636 3982 741 4046 uerbis
772 3982 895 4065 petiuit.
922 3982 971 4047 De
994 4005 1057 4068 quo
1081 3987 1189 4049 tamen
1212 3984 1358 4068 pluribus
1381 4005 1475 4069 agere

284 4099 330 4164 nil
354 4122 433 4185 opus
456 4105 513 4168 est.
534 4101 654 4166 Statuit
675 4103 760 4167 enim
779 4103 839 4168 Vir
859 4103 906 4170 01.
928 4105 1131 4191 Sapphonem
1151 4107 1186 4171 in
1207 4107 1348 4190 genuina
1367 4105 1476 4171 Ouidii

285 4220 421 4305 epistula
451 4223 528 4286 dum
558 4225 698 4288 strictum
728 4248 827 4290 ensem
858 4249 957 4291 manu
987 4231 1110 4292 teneret
1142 4228 1266 4293 Phaoni
1296 4228 1473 4313 scripsisse;

284 4343 370 4425 quod
394 4343 497 4408 effecit
521 4344 672 4408 nimirum
697 4367 713 4410 e
737 4347 859 4412 uerbis:

284 4516 453 4529 *h

320 4601 346 4663 1)
366 4600 410 4674 cf.
420 4603 546 4650 comment.
563 4601 592 4649 ad
609 4617 643 4652 us.
662 4600 716 4650 169.
