3324 5284
849 359 891 422 38

275 543 439 629 Alloquor.
462 543 591 608 aduerso
614 543 767 606 mouimus
789 543 850 604 iota
872 543 936 605 deo.
962 539 1002 606 of.
1027 539 1104 604 Met.
1127 538 1215 604 XIV.
1242 540 1302 604 20:
1333 537 1464 606 Carmen

279 663 339 730 Ore
370 687 456 730 moue
487 687 584 729 suero.
615 661 702 728 Fast.
734 662 760 730 I.
794 663 853 728 19:
886 663 1013 748 Pagina
1044 665 1191 728 iuditium
1221 664 1303 727 docti
1325 663 1466 727 subitura

275 799 417 852 mouetur
440 787 611 873 Principis.
637 786 720 860 268:
746 785 819 874 Ipse
842 809 924 851 meua
947 788 1033 850 moui
1054 785 1181 850 collidus
1201 787 1281 850 ortis
1304 807 1391 871 opus.
1403 781 1462 848 ΠΙ.

278 909 337 973 ll:
378 907 461 988 Quid
482 909 563 972 enim
587 918 670 972 uetat
693 908 762 972 indo
784 908 911 972 moueri.
946 904 990 969 nt
1013 905 1057 970 sic
1080 907 1129 970 est
1151 906 1236 990 apud
1260 904 1358 989 Verg.
1381 904 1465 970 Aen.

277 1028 353 1095 VII.
386 1029 447 1093 45:
480 1028 588 1092 Maius
610 1050 687 1114 opus
710 1049 825 1092 moneo.
871 1026 998 1091 Monere
1020 1025 1120 1110 igitur
1143 1028 1193 1091 est
1213 1025 1372 1110 incipere,
1396 1048 1465 1090 ms·

275 1148 429 1215 nifestum
460 1149 578 1232 faeere,
611 1147 768 1233 proferre,
800 1148 837 1210 ut
866 1149 951 1212 reete
973 1146 1037 1212 iem
1062 1146 1199 1231 Bentley
1212 1145 1238 1233 ¹)
1263 1151 1295 1211 et
1318 1145 1465 1234 Gierig2)

276 1273 353 1338 sunt
375 1270 588 1356 interpretati.
614 1269 654 1334 cf.
680 1268 792 1348 Loerr,
818 1268 900 1334 Mus.
924 1267 1027 1333 Rhen.
1048 1267 1090 1332 N.
1111 1268 1144 1335 S.
1156 1267 1215 1335 IV.
1228 1291 1260 1353 p.
1275 1269 1316 1333 41
1328 1291 1336 1346 ;
1349 1267 1389 1338 R.
1401 1267 1464 1334 Βο-

277 1393 441 1471 densum,
465 1391 594 1458 Studien
616 1416 657 1456 zu
683 1390 777 1456 Ovids
799 1391 958 1458 Heroides
972 1391 1019 1477 ³),
1044 1413 1077 1476 p.
1104 1391 1154 1458 11.

321 1513 521 1580 Indioatiuus
545 1515 651 1577 autem
675 1525 817 1578 mouetur
839 1511 874 1576 in
897 1512 1160 1597 interrogatione,
1184 1532 1266 1598 quae
1289 1511 1404 1578 dieitur
1414 1511 1465 1576 in·

277 1635 411 1712 directa,
436 1655 501 1698 non
524 1636 572 1698 est
595 1654 651 1698 eur
674 1633 830 1711 offendat,
854 1655 1047 1719 quamquam
1071 1634 1266 1698 damnarunt
1290 1654 1361 1697 oum
1383 1653 1466 1697 non·

278 1756 361 1837 nulli
395 1757 507 1836 (ueluti
540 1756 567 1821 is
602 1755 657 1841 qui
692 1755 818 1840 scripsit
850 1756 966 1822 librum
994 1757 1049 1842 f.‚
1081 1757 1214 1842 pessime
1245 1757 1316 1850 ideo
1340 1758 1467 1821 mutans

278 1891 419 1944 mouetur
441 1877 476 1942 in
497 1879 635 1963 ueniret).
671 1875 824 1943 Similiter
846 1877 942 1961 plane
967 1877 1083 1943 dieitur
1106 1877 1182 1944 Her.
1206 1877 1296 1944 XVI.
1311 1879 1364 1962 ¹78
1379 1877 1468 1942 --in

279 1997 472 2063 editionibus
504 1997 658 2062 Merkelio
688 1997 900 2062 anterioribus
932 2036 966 2047 -
991 1999 1085 2064 Hane
1114 2022 1175 2065 esse
1205 2012 1241 2064 ut
1269 2001 1360 2066 seiros
1390 2001 1469 2064 ande

279 2132 420 2210 mouetur
443 2143 541 2185 amor.
566 2117 679 2203 Neque
702 2119 816 2184 desunt
838 2119 982 2205 exempla
1000 2119 1117 2204 quibus
1137 2119 1189 2184 hie
1208 2119 1376 2186 indicetiui
1396 2142 1471 2186 usus

280 2239 487 2316 defensatum
519 2240 564 2306 sio
592 2240 672 2306 Met.
705 2239 744 2304 X.
778 2240 842 2304 637
873 2240 1024 2326 inbonis
1047 2241 1138 2307 codd.
1155 2241 1312 2306 omnibus
1335 2241 1470 2326 legitur:

285 2361 368 2442 Quid
391 2363 475 2449 feeit
501 2365 663 2448 gnorunt,
690 2361 904 2448 quodminus
928 2364 1012 2427 recte
1036 2365 1204 2427 mutarunt
1228 2363 1374 2430 editores.
1408 2362 1469 2428 Iti·

280 2486 352 2550 dem
375 2485 568 2560 iudicatiuus
590 2488 639 2550 est
660 2485 695 2550 in
720 2485 849 2570 optimis
873 2494 913 2551 Ρ.
932 2489 964 2550 et
983 2493 1024 2549 G.
1047 2484 1136 2550 libris
1155 2485 1191 2549 in
1211 2506 1304 2551 uersu
1323 2483 1470 2571 quamuis

281 2609 430 2692 corrupto
452 2605 529 2672 Her.
550 2605 592 2672 X.
617 2607 678 2672 86:

376 2719 382 2732 ’
418 2726 495 2804 Quis
517 2728 578 2793 soit
601 2751 643 2792 an
666 2727 744 2792 haee
767 2697 877 2793 saeuas
898 2728 1160 2814 tigridasinsule
1182 2729 1288 2796 habet

282 2849 333 2914 Ita
356 2849 440 2934 apud
463 2848 643 2913 Lucretium
667 2848 725 2914 VI.
751 2849 793 2912 45
820 2848 1011 2932 (Luchm.):¹

417 2968 461 3034 Et
483 2990 699 3054 quaecumque
721 2969 756 3033 in
780 2991 817 3035 eo
841 2971 925 3034 fiunt
947 2970 1068 3038 fateare
1090 2977 1255 3038 neeessest.

283 3092 366 3178 apud
392 3090 568 3176 Vergilium
592 3089 659 3156 nol.
686 3091 726 3159 V.
752 3093 791 3158 6:
916 3131 918 3134 ·

829 3214 942 3299 Aspice
966 3217 1004 3279 ut
1027 3217 1156 3280 antrum

420 3334 579 3399 siluestris
602 3334 681 3399 raris
702 3335 819 3418 sparsit
839 3336 986 3402 labrusca
1008 3327 1150 3404 racemis.
1243 3412 1244 3416 Ἰ

329 3454 412 3520 Aen.
436 3453 495 3521 VI.
522 3456 587 3520 614
610 3474 676 3540 sq.:
702 3476 742 3520 ne
765 3479 879 3541 quaere
903 3459 1058 3523 doeeri-
1075 3480 1156 3543 quae
1177 3459 1281 3526 forma
1305 3458 1389 3523 uiros
1408 3457 1474 3522 for-

283 3579 404 3641 tunaue
427 3575 546 3641 mersit.

330 3697 411 3782 Prae
433 3697 544 3792 ceteris
568 3701 672 3762 autem
697 3699 799 3783 poetis
823 3700 963 3784 posuisse
986 3702 1163 3794 promiscue
1186 3703 1222 3766 in
1244 3702 1304 3766 teli
1326 3703 1474 3767 constru-

286 3819 392 3884 otione
423 3818 476 3884 uel
506 3817 716 3884 indioatiuum
749 3821 800 3885 uel
833 3821 1070 3888 coniunctiuum
1102 3823 1303 3909 Propertium
1325 3827 1416 3910 patet
1438 3845 1477 3888 ex

287 3941 442 4026 exemplis
465 3940 604 4005 oolleetis
628 3941 713 4025 apud
732 3939 945 4026 Dmegmum,
962 3945 1071 4010 tristor.
1093 3945 1214 4032 &ntor
1232 3945 1291 4014 112.
1312 3966 1386 4030 pag.
1400 3946 1478 4011 474.

287 4062 335 4128 De
366 4063 502 4127 aliorum
529 4065 696 4146 poetarum
727 4062 909 4129 huiusmodi
942 4087 1000 4130 usu
1031 4066 1095 4131 uid.
1127 4066 1308 4153 Heusinger
1341 4069 1382 4132 ad
1411 4065 1477 4136 cie.

289 4182 349 4251 Off.
373 4185 400 4252 Ι.
428 4185 481 4250 26.
508 4183 547 4267 5;
574 4185 603 4250 7.
629 4185 659 4250 6.
684 4183 727 4248 Π.
754 4183 784 4249 5.
811 4187 842 4251 4.
867 4185 919 4251 Fr.
944 4186 1027 4266 Leo,
1049 4186 1216 4254 Obseruat.
1236 4189 1307 4254 erit.
1329 4190 1367 4254 de
1377 4188 1479 4256 Sone-

288 4326 343 4369 eae
366 4305 554 4391 tragoediis,
579 4325 653 4394 pag.
680 4306 723 4371 92
747 4327 816 4390 sqq.

323 4496 350 4562 1)
367 4497 403 4546 Ad
420 4497 482 4547 Hor.
502 4499 529 4547 O.
550 4495 600 4546 111.
619 4494 641 4548 7.
659 4497 699 4546 20.
967 4498 995 4562 2)
1015 4500 1049 4548 sd
1067 4499 1139 4550 Ouid.
1158 4500 1221 4550 Met.
1238 4497 1305 4550 xlv,
1324 4500 1364 4550 20.

324 4581 351 4644 3)
368 4580 451 4644 Progr.
475 4595 581 4654 gymnas.
600 4579 748 4644 Morseburg.
771 4580 843 4630 1882.
