3324 5284
847 377 891 441 44

265 560 376 624 bulum
401 559 571 645 repetitum
594 558 702 623 statim
726 561 800 642 post
823 579 985 622 caesuram
1010 558 1142 622 haberet
1160 557 1285 635 locum,
1303 556 1460 642 copiosius

263 681 331 765 egit
354 679 459 745 allatis
483 669 635 764 exemplis
660 679 700 743 H.
725 678 896 757 Sohaemo,
921 679 1047 754 Quaest.
1074 679 1171 745 Ouid.
1187 675 1214 760 1)
1226 702 1258 764 p.
1273 678 1299 745 I.
1313 699 1389 764 pag.
1405 679 1459 744 12.

311 803 359 867 De
381 803 453 868 udis
476 823 554 866 uoce
573 802 607 865 in
630 823 664 866 re
687 801 842 866 amatoria
865 801 905 867 cf.

265 923 344 990 Her.
366 921 427 988 HI.
453 923 515 989 41:
584 921 654 998 Qua
678 922 777 987 merui
799 921 894 1007 eulpa
918 920 986 986 fieri
1010 921 1071 986 tibi
1095 921 1182 1008 uilis,
1208 920 1360 986 Achille?

264 1044 341 1110 Her.
366 1043 441 1109 XII.
468 1045 542 1110 187.
589 1042 623 1109 si
645 1044 704 1109 tibi
728 1067 798 1109 sum
822 1044 914 1122 uilis,
938 1065 1122 1109 communes
1145 1043 1265 1128 respice
1290 1045 1394 1106 natos.

264 1165 363 1231 Trist.
382 1165 423 1230 V.
446 1167 476 1230 6.
495 1167 555 1230 22:
591 1165 636 1230 Et
658 1167 766 1231 uidear
789 1165 902 1231 merito
926 1166 1020 1230 uilior
1043 1187 1110 1230 esse
1134 1165 1206 1229 tibi.

310 1286 520 1365 Assoroara,
543 1290 581 1351 ut
603 1309 685 1351 unus
703 1288 735 1373 f.
761 1288 878 1365 tradit,
903 1308 1010 1352 ueram
1035 1309 1100 1352 esse
1123 1286 1292 1352 lectionem
1313 1307 1459 1371 compro-

262 1406 320 1472 bat
342 1407 500 1472 Maximus
523 1408 659 1493 Tyrius,
686 1431 705 1474 a
727 1430 791 1495 quo
814 1407 947 1494 (XXIV.
972 1432 1005 1494 p.
1030 1410 1106 1474 478.
1138 1408 1266 1492 Reieke)
1286 1407 1456 1472 nominau-

264 1532 316 1594 tur
339 1529 487 1615 Sapphus
511 1531 630 1596 amicae
649 1535 727 1597 tres:
748 1531 896 1616 Gyrinna
917 1531 1096 1616 [Gyrinno]‚
1120 1532 1249 1609 Atthis,
1267 1531 1439 1596 Anactoria
1446 1551 1454 1609 ;

263 1673 399 1738 quocum
412 1652 593 1717 conferatur
603 1651 717 1718 Suidas
728 1676 758 1717 u.
775 1655 918 1734 Σαπφώι
931 1652 1105 1733 μαθήτριαι
1119 1653 1242 1727 δἀὐτῆς
1258 1652 1455 1732 Ἀνακτορία,

264 1773 447 1863 [mespha]
470 1777 624 1851 Μιλησία,
649 1777 802 1854 Γογγύλοι
827 1778 1021 1858 ΚαλαΦανΙα,
1046 1778 1178 1842 Εὐνείιια
1205 1776 1396 1854 Σαλαμινία.

309 1892 421 1960 Curuo
453 1898 559 1960 autem
593 1897 642 1961 uel
674 1896 806 1977 (truso,
831 1899 917 1982 quod
940 1899 974 1963 in
995 1900 1084 1964 codd.
1107 1899 1290 1964 melioribus
1310 1903 1358 1963 est
1378 1898 1455 1964 scri-

262 2019 369 2101 ptum,
389 2039 545 2103 nusquam
557 2018 634 2083 alibi
645 2020 731 2084 inter
743 2020 888 2106 Sapphus
901 2021 1017 2086 amicas
1029 2023 1246 2086 enumeratam
1257 2021 1455 2097 iuueuimus;

262 2160 359 2223 quare
382 2140 547 2223 probanda
570 2141 703 2206 fortasse
723 2143 899 2223 mutatione
918 2143 1065 2208 Bentleio
1084 2144 1266 2229 proposita:
1288 2144 1360 2208 cilis
1380 2143 1457 2206 mihi
1503 2154 1510 2167 “

263 2265 348 2327 crede
375 2259 533 2348 Gyriou03
558 2263 635 2328 haec
658 2264 743 2328 enim
767 2266 908 2349 poetriae
931 2265 1032 2329 amica
1055 2265 1153 2330 fuisse
1175 2266 1311 2330 traditur
1331 2288 1350 2329 a
1370 2264 1454 2328 Max.

262 2380 356 2466 Tyr„
381 2404 512 2467 eamque
536 2385 716 2449 nominauit
739 2385 807 2469 ipsa
831 2385 958 2471 Sappho
981 2386 1020 2450 fr.
1048 2387 1089 2451 78
1115 2385 1268 2473 (Bergk):

421 2505 642 2586 ΕὐμαρΦατέρα
678 2506 857 2570 Messalae
889 2510 946 2578 ταῖς
979 2508 1110 2578 ἁπαλαῖς
1142 2506 1296 2585 Γυρῖννας.

308 2624 468 2692 Atthidem
502 2627 561 2713 (us.
589 2627 644 2712 18)
675 2626 771 2692 fuisse
794 2625 941 2713 Sapphus
965 2629 1098 2692 amicam
1121 2631 1248 2712 praeter
1270 2627 1355 2692 Max.
1379 2628 1454 2712 Tyr.

261 2747 282 2810 l.
297 2747 317 2811 l.
347 2748 446 2812 tradit
474 2746 587 2812 Suidas
619 2748 674 2812 l.l.
708 2750 828 2828 ἑταῖραι
859 2749 983 2820 δἀὐτῆς
1015 2751 1067 2814 καὶ
1102 2750 1196 2829 Φίλαι
1227 2748 1379 2827 γεγόνασι
1406 2753 1453 2827 γ’,

264 2866 376 2940 Ἀτθὶς
402 2874 591 2933 Τελεσίππα
615 2868 766 2948 Μεγάρα.
790 2869 830 2934 cf.
854 2869 1001 2954 Sapphus
1024 2870 1064 2935 fr.
1090 2871 1131 2934 41
1158 2870 1306 2956 (Bergk):
1335 2867 1455 2946 ’‘Arbr,

261 2989 305 3053 ool
339 2987 480 3066 δ’ἔμεὸεν
510 2990 567 3067 μὲν
598 2988 768 3071 ἀπήχθετο
800 2995 833 3056 et
862 2991 990 3058 Terent.
1014 2991 1115 3058 Maur.
1139 2992 1229 3058 2154
1253 3013 1299 3076 sq.
1325 2989 1394 3077 (Vl.
1422 3014 1452 3074 p.

262 3111 326 3176 390
346 3111 418 3198 K.):

398 3231 494 3298 Cordi
518 3237 647 3320 quando
670 3234 765 3300 fuisse
787 3235 848 3300 sibi
871 3235 959 3300 canit
982 3233 1119 3300 Atthida
1140 3233 1296 3320 ¹[Sappho]

396 3355 549 3434 Paruam‚
573 3356 671 3420 florea
693 3357 863 3441 uirginitas
887 3379 944 3422 sua
967 3379 1038 3421 cum
1062 3356 1154 3423 foret.

306 3599 363 3664 Vs.
390 3601 431 3665 19
464 3622 534 3665 eum
567 3601 682 3666 Iahnio
715 3602 869 3666 Merkelio
902 3601 1008 3665 Riesio
1038 3623 1076 3665 ex
1094 3603 1127 3688 f
1151 3602 1181 3665 t.
1206 3605 1238 3665 et
1261 3601 1455 3666 editionibus

261 3722 341 3784 uett.
373 3721 589 3806 compluribus
619 3722 808 3806 recepimus:
844 3742 925 3795 oves
958 3743 1022 3786 rou
1055 3742 1129 3785 srra
1161 3742 1299 3786 carrusa
1331 3742 1453 3800 susvr,

261 3862 357 3925 quam
387 3841 556 3906 lectionem
586 3864 641 3906 cur
669 3845 742 3926 post
772 3840 979 3928 Comparettii
1009 3841 1258 3927 disputationem
1291 3843 1452 3926 egregiam

261 3960 296 4045 (l.
309 3961 331 4025 l.
367 3983 440 4046 pag.
476 3963 532 4048 43)
563 3963 761 4048 impugnarit
792 3963 954 4028 Baehrens
985 3963 1054 4049 (1.1.
1084 3985 1157 4048 pag.
1192 3963 1248 4049 65)
1280 3964 1452 4048 alterique:

260 4107 337 4169 quoa
357 4085 405 4149 aa
425 4086 488 4148 siue
511 4087 637 4149 αηίαἰιια
660 4087 767 4150 amosi
789 4086 1004 4169 postposuerit
1028 4086 1119 4150 ualde
1144 4086 1250 4150 miror.
1277 4085 1360 4150 Nam
1384 4085 1449 4170 qui,

260 4208 298 4268 ut
320 4205 469 4271 Welclrer
481 4204 519 4293 ²),
540 4205 637 4270 Loers
656 4206 722 4284 alii,
745 4207 793 4272 hie
810 4206 988 4272 defendunt
1008 4211 1161 4291 negantes
1181 4207 1347 4272 absurdius
1359 4207 1450 4292 quic-

297 4507 324 4572 1)
341 4508 427 4572 Progr.
446 4511 577 4574 Progymu.
594 4510 711 4573 Spondeo.
730 4511 803 4559 1861.

204 4617 210 4623 --
294 4590 322 4656 2)
342 4591 451 4656 „Sappho
465 4607 510 4640 von
524 4589 602 4639 αἰιιιιιιι
613 4591 785 4640 herrechendeu
797 4593 940 4642 Vorurtheil
948 4592 1067 4658 betreyt.''
1077 4594 1185 4659 Gotting.
1197 4597 1270 4647 lslo.
1276 4612 1330 4662 pag.
1341 4596 1386 4647 121
1397 4612 1451 4662 sqq.
