3324 5284
632 1230 1108 1316 COMMENTARIVS.

758 1545 952 1554 α.-

315 1776 387 1843 Vss.
414 1779 510 1844 1-4.
542 1776 707 1861 Epistulae
737 1776 899 1841 exordium
923 1776 1004 1841 mori
1027 1774 1186 1841 Ouidiuno
1209 1774 1304 1858 plone
1327 1793 1460 1836 consen-

269 1902 479 1976 taneum‚.ut
500 1902 585 1964 recte
609 1899 759 1963 obseruas
782 1896 927 1976 Vahlen,
954 1900 1041 1964 uedeo·
1064 1901 1112 1963 dic
1137 1897 1300 1983 Ausucuqc
1318 1898 1373 1960 dor
1394 1894 1459 1958 Hc-

269 2024 376 2086 roidcn
406 2024 457 2086 des
492 2019 571 2085 Ouid
591 2019 635 2106 1),
667 2041 740 2105 pag.
769 2021 820 2086 19.
857 2019 906 2084 lia
930 2020 1075 2085 similiter
1099 2019 1214 2083 dicitur
1237 2039 1275 2082 ex
1299 2017 1394 2082 Poni.
1414 2016 1458 2081 ΙΙ.

272 2141 323 2208 10.
351 2141 367 2205 1
394 2163 479 2227 sqq:

405 2260 530 2348 Ecquid
553 2263 594 2328 ab
617 2263 786 2346 impressae
809 2262 974 2346 cognoscis
997 2261 1137 2346 imagine
1160 2281 1249 2325 ceree

430 2384 538 2449 ‘Haec
561 2384 621 2448 tibi
643 2382 804 2448 Nasonem
829 2384 965 2449 scribere
987 2384 1101 2460 uerba,
1128 2382 1256 2446 Macer?

405 2506 616 2590 Auctorisque
640 2505 689 2570 sui
712 2506 738 2570 si
761 2527 828 2569 non
851 2508 899 2570 est
921 2505 1060 2569 annulus
1083 2504 1195 2586 index,

449 2625 629 2712 Cogniinne
650 2630 699 2692 esi
721 2631 832 2691 nos’crs
853 2627 959 2691 littera
982 2626 1069 2691 facta
1091 2628 1213 2691 manu?

405 2747 459 2812 An
484 2748 544 2811 fibi
566 2747 715 2812 notitiam
740 2768 829 2811 moro
852 2746 1004 2832 temporis
1027 2747 1123 2830 eripit
1146 2745 1278 2822 horum,

451 2867 520 2932 Nec
543 2871 695 2951 repetunt
716 2868 799 2932 oculi
823 2868 917 2952 signs
939 2871 1066 2933 uetusta
1088 2867 1160 2931 tui?

269 2989 308 3052 cf.
333 3010 381 3052 cx.
408 2987 502 3052 Poni.
528 2987 555 3052 I.
581 2989 610 3054 2.
637 2989 656 3052 5
681 3010 749 3073 sqq.
774 2987 833 3054 IV.
861 2991 913 3054 13.
940 2991 959 3054 3
984 3011 1050 3073 sqq.
1076 2991 1137 3053 cei.

314 3108 440 3180 quvm
473 3129 512 3172 vr
543 3109 718 3193 recepimus
749 3132 766 3174 e
792 3111 840 3196 f.;
869 3109 984 3194 reliqui
1005 3109 1039 3173 ll.
1065 3108 1217 3174 exhibent
1240 3110 1406 3194 Numquid
1427 3119 1463 3172 ut

270 3231 320 3294 uel
350 3225 425 3307 ubi.
442 3232 567 3315 praedm
588 3255 641 3316 9,.
650 3257 684 3318 p.
699 3231 730 3296 d.
753 3231 941 3315 praebendos
963 3233 1086 3318 Ecquid
1107 3233 1175 3306 ubi,
1200 3231 1285 3315 quod
1309 3229 1463 3315 praetulit

268 3350 373 3416 Loers.
410 3350 471 3417 Sed
503 3357 535 3419 et
564 3353 688 3439 Ecquid
714 3366 749 3418 ut
772 3356 804 3418 ei
828 3354 950 3439 Ecquid
970 3354 1023 3418 udi
1044 3354 1128 3417 recte
1152 3351 1214 3416 dici
1237 3351 1456 3424 manifestum:

267 3473 353 3537 inter
376 3495 457 3557 quae
480 3474 609 3537 uariant
631 3474 818 3558 plerumque
841 3475 963 3539 codices
986 3472 1155 3550 Ouidium,
1179 3473 1281 3538 uoluti
1300 3473 1396 3538 Trisi.
1416 3473 1457 3538 V.

269 3596 299 3659 2.
327 3596 361 3658 l:
385 3596 509 3681 Ecquid
529 3608 565 3660 ut
586 3618 623 3661 eu·
647 3596 751 3661 Ponto
774 3620 855 3662 uouu
880 3599 963 3660 ucuit
985 3597 1117 3683 epistula
1137 3595 1250 3683 palles,
1276 3594 1372 3660 Trici.
1396 3595 1457 3658 ΙΠ.

270 3717 299 3782 3.
325 3717 380 3781 47.
410 3716 468 3780 IV.
494 3719 523 3783 3.
552 3717 604 3782 21.
638 3740 677 3782 ex
703 3718 798 3782 Pont.
827 3717 888 3782 Ill.
914 3717 944 3781 5.
971 3719 1028 3792 39;
1055 3719 1107 3782 ubi
1129 3719 1256 3782 consied
1279 3716 1356 3782 Mei.
1382 3715 1457 3784 XII.

269 3837 353 3916 588,
385 3849 420 3901 ut
450 3838 485 3900 in
508 3838 598 3902 codd.
623 3838 717 3904 bonis
741 3842 789 3904 esi
812 3839 960 3903 omnibus
984 3860 1023 3902 ex
1045 3837 1141 3902 Poni.
1165 3838 1191 3903 I.
1218 3838 1248 3901 6.
1276 3837 1312 3901 lt
1336 3839 1460 3924 Ecquid

266 3972 301 4023 ut
324 3960 442 4024 audisti
443 4006 618 4025 ......

313 4079 462 4144 Asusorn
488 4081 520 4146 h.
534 4102 560 4145 e.
585 4080 688 4166 primo
710 4083 819 4147 siurim
844 4088 990 4167 aspectu,
1013 4104 1108 4167 quom
1129 4081 1319 4166 scripturam
1340 4079 1458 4146 confir-

267 4203 347 4266 mari
377 4203 472 4267 eiiam
506 4203 660 4269 Protinus
692 4204 788 4268 uerbo
820 4205 880 4289 (us.
905 4205 939 4290 2)
972 4206 1056 4268 reoie
1087 4205 1180 4268 docet
1210 4202 1391 4288 Heusinger
1410 4201 1457 4289 ⁹),

301 4453 329 4518 1)
347 4453 395 4517 Qui
414 4453 509 4503 libellus
527 4454 626 4506 seorsim
644 4456 721 4505 editus
738 4459 774 4505 eet
792 4472 819 4506 ex
837 4459 963 4506 comment.
981 4455 1068 4521 Regiae
1085 4455 1144 4507 niu.
1161 4457 1233 4506 Acnd.
1250 4457 1329 4507 Berol.
1350 4459 1422 4509 1881.

301 4534 329 4600 2)
347 4535 447 4600 Speoim.
474 4537 564 4586 emend.
587 4536 613 4586 in
637 4538 708 4587 Ouid.
734 4539 793 4588 Her.
817 4538 842 4588 in
866 4539 976 4603 Lessing,
1002 4553 1044 4587 znr
1069 4539 1152 4588 Gcsch.
1171 4539 1296 4590 u.1.itur.
1316 4540 1456 4606 (Braneuig.

267 4616 344 4684 1774)
370 4616 464 4666 Dritter
479 4618 585 4682 Beicrag.
