3274 5292
597 449 598 454 ,
728 385 791 450 147

161 569 305 634 traham:
344 568 424 635 Cum
447 568 595 654 Sapphus
620 572 774 656 quaedam
799 571 934 655 epistula
957 570 998 633 ab
1023 568 1138 633 Ouidio
1162 571 1205 633 sit
1228 571 1354 655 scripta,

162 693 198 753 ut
222 691 290 775 ipse
314 690 429 755 diserte
453 695 589 756 testatur
612 692 685 756 Am.
710 691 755 755 Il.
783 694 833 757 18.
861 692 922 768 26,
948 712 1082 774 cumque
1103 712 1140 754 ea
1161 713 1255 774 quam
1270 714 1356 756 nunc

160 809 314 874 habemus
346 832 417 875 cum
450 832 487 875 eo
517 812 605 896 ipso,
631 813 716 896 quod
741 834 815 876 suae
838 811 991 896 epistulae
1014 811 1178 895 proprium
1202 812 1359 877 indicauit

164 930 317 1015 Ouidius,
350 933 469 1016 optime
495 937 652 1017 congruat
675 934 763 1018 (Am.
790 933 832 1000 ΙΙ.
861 934 912 998 18.
939 933 1012 1017 34),
1038 954 1173 1017 cumque
1195 956 1232 998 ea
1255 957 1358 1018 neque

161 1056 197 1119 in
228 1054 408 1138 argumenti
440 1054 637 1138 expositione
670 1076 773 1139 neque
800 1055 834 1117 in
857 1055 952 1118 rebus
976 1055 1192 1138 grammaticis
1218 1057 1268 1120 uel
1292 1078 1359 1122 me-

163 1174 250 1239 tricis
274 1197 293 1237 a
316 1174 464 1258 genuinis
487 1174 626 1241 Nasonis
652 1175 795 1260 epistulis
821 1176 977 1258 discrepet
1001 1175 1063 1239 nisi
1086 1176 1194 1259 paucis
1206 1177 1240 1240 in
1253 1178 1358 1257 rebus,

163 1319 242 1381 quas
272 1297 306 1361 in
335 1298 449 1361 misero
474 1298 617 1362 codicum
643 1301 729 1362 statu
755 1296 892 1361 librariis
916 1297 1023 1380 potius
1047 1319 1141 1380 quam
1163 1297 1224 1381 ipsi
1248 1302 1359 1382 poetae

162 1419 349 1502 imputatis,
382 1441 522 1504 quasque
551 1422 607 1483 aut
637 1420 700 1482 iam
727 1419 807 1482 uarii
831 1419 917 1482 docti
941 1441 979 1482 ex
1004 1419 1185 1483 coniectura
1209 1422 1358 1484 emenda·

162 1542 257 1618 runt,
289 1543 346 1604 aut
376 1542 598 1606 emendatione
631 1541 764 1605 omnino
795 1542 939 1625 indigere
971 1543 1116 1614 constat,
1150 1541 1252 1604 multa
1282 1565 1357 1606 uero

162 1661 310 1726 exhibeat
343 1662 455 1747 pulcra
487 1666 520 1727 et
551 1664 714 1746 eleganter
745 1664 829 1726 dicta
862 1663 1040 1746 multasque
1065 1663 1156 1727 nobis
1180 1666 1287 1727 tradat
1310 1686 1361 1728 res

163 1783 291 1848 aliunde
312 1785 441 1868 ignotas
456 1823 496 1832 -
510 1784 543 1847 id
567 1784 652 1868 quod
676 1783 717 1848 ab
740 1784 809 1867 ipso
834 1782 948 1848 Ouidio
971 1784 1146 1867 exspectari
1166 1787 1359 1868 poterat-‚

162 1906 218 1989 qui
240 1906 369 1970 tandem
393 1907 550 1990 possimus
575 1909 712 1970 statuere
738 1928 806 1968 earn
830 1928 895 1970 nou
923 1927 989 1969 esse
1013 1904 1144 1969 Ouidii?
1165 1904 1245 1970 Sum
1265 1929 1357 1991 prae-

164 2027 273 2091 sertim
304 2037 457 2111 appareat
488 2031 539 2112 (ex
571 2027 648 2090 Exc.
684 2026 797 2112 Paris.)
831 2048 900 2090 eam
931 2027 994 2089 iam
1027 2027 1081 2091 diu
1106 2031 1180 2090 ante
1205 2030 1358 2104 aetatem,

163 2173 227 2234 qua
251 2152 373 2214 codices
390 2150 482 2214 nobis
505 2150 576 2213 noti
596 2148 717 2213 fuerint
737 2149 863 2233 scripti,
884 2149 918 2211 in
931 2149 1038 2212 codice
1051 2149 1188 2232 quodam
1202 2147 1359 2214 Ouidiano

163 2271 249 2335 inter
274 2269 428 2334 Heroides
452 2272 556 2335 locum
581 2269 644 2334 XV
668 2269 862 2352 obtinuisse,
888 2269 1012 2333 saeculo
1033 2273 1138 2333 autem
1159 2268 1206 2333 IV
1227 2274 1258 2333 et
1279 2269 1360 2334 Mar.

164 2392 271 2457 Plotio
302 2390 462 2456 Sacerdoti
494 2395 544 2469 et,
580 2392 614 2454 ni
650 2391 760 2468 fallor,
798 2390 939 2454 Ausonio
973 2393 1009 2452 ut
1041 2388 1232 2454 Ouidianam
1263 2389 1360 2454 fuisse

166 2516 293 2597 notam,
325 2513 422 2576 immo
455 2515 582 2577 constet
610 2534 677 2576 eam
704 2512 839 2575 nonita
863 2511 965 2575 multo
989 2514 1063 2594 post
1086 2509 1192 2574 Ouidii
1216 2513 1359 2595 tempora

165 2633 275 2698 sedulo
306 2634 482 2699 lectitatum
518 2656 584 2698 esse
614 2656 633 2697 a
664 2637 760 2717 poeta
790 2634 845 2716 qui
881 2630 1138 2697 Consolationem
1170 2633 1296 2718 scripsit
1319 2634 1360 2698 ad

165 2756 301 2822 Liuiam.
337 2756 407 2821 Nisi
430 2756 512 2820 forte
537 2755 730 2820 arbitramur
749 2755 813 2818 iam
837 2755 982 2839 proxima
1002 2758 1075 2838 post
1094 2753 1243 2820 Ouidium
1256 2759 1358 2821 aetate

165 2878 262 2942 alium
294 2884 420 2962 poetam
453 2879 634 2962 quempiam
659 2879 724 2942 eius
748 2899 826 2962 opus
851 2877 947 2942 fuisse
971 2878 1146 2953 imitatum,
1172 2879 1268 2962 idque
1293 2901 1359 2943 non

165 3002 266 3064 solum
301 3004 395 3064 modo
427 3001 536 3064 multis
562 3001 745 3064 nominibus
767 3005 834 3064 tam
859 3001 1013 3084 eleganti,
1040 3023 1149 3064 uerum
1175 3001 1269 3064 etiam
1294 3023 1359 3065 ser-

165 3122 247 3186 uatis
278 3122 443 3185 nonnullis
474 3122 567 3186 rebus
595 3143 676 3204 quae
699 3122 798 3205 ipsius
823 3121 961 3186 Nasonis
985 3123 1118 3186 carmini
1142 3123 1262 3187 fuerint
1284 3145 1360 3208 pro-

166 3243 263 3326 priae.
307 3241 376 3307 Nec
412 3242 554 3327 profecto
592 3246 699 3327 posset
734 3242 885 3326 explicari
916 3246 1074 3326 quomodo
1110 3243 1270 3308 subditiua
1304 3245 1361 3308 illa

168 3364 304 3448 epistula
336 3368 463 3448 postea,
496 3386 567 3427 cum
600 3363 814 3428 intercidisset
846 3364 1003 3446 genuina,
1036 3365 1071 3427 in
1099 3363 1274 3430 Heroidum
1299 3389 1360 3430 nu·

167 3509 289 3551 merum
311 3487 407 3552 suerit
431 3491 574 3571 recepta,
599 3489 636 3549 ut
660 3488 744 3549 certe
768 3489 895 3569 recepta
918 3486 995 3550 haec
1019 3490 1129 3550 nostra
1152 3490 1209 3550 est.

211 3609 329 3684 Quodsi
364 3610 501 3692 denique
537 3608 608 3671 miri
630 3608 716 3672 illius
740 3608 845 3684 modi,
870 3629 932 3691 quo
956 3608 1092 3692 epistula
1114 3610 1207 3673 nobis
1227 3613 1276 3674 cst
1294 3633 1359 3675 ser-

166 3735 259 3811 uata,
285 3733 405 3817 optime
429 3753 596 3816 possumus
620 3732 693 3794 dare
717 3731 873 3794 rationem
899 3734 1173 3795 statuentes-ut
1195 3732 1230 3797 in
1250 3733 1360 3798 Prole-

168 3875 328 3938 gomenon
359 3855 454 3918 initio
488 3853 621 3937 exposui
659 3891 696 3900 -
737 3851 884 3936 Sapphus
922 3852 1109 3936 epistulam,
1142 3876 1215 3918 cum
1247 3854 1361 3922 ultima

167 3980 248 4040 esset
284 3998 403 4054 aarum
427 3975 636 4060 epistularum
672 3996 753 4057 quae
790 3973 987 4039 »Heroides'
1024 3974 1151 4060 proprie
1186 3981 1359 4054 uocantur,

166 4098 254 4163 facili
278 4099 408 4183 negotio
433 4121 470 4162 ex
490 4097 651 4164 codicibus
673 4097 815 4161 excidere
827 4100 860 4160 et
871 4098 1041 4181 separatim
1055 4098 1216 4181 scriptoria
1231 4099 1360 4164 nomine

167 4242 233 4285 non
265 4221 422 4285 munitam
455 4220 651 4286 circumferri
680 4218 839 4303 potuisse,
869 4239 933 4281 nou
957 4219 1021 4282 iam
1046 4241 1156 4283 uereor
1180 4242 1220 4283 ne
1245 4221 1360 4285 nimiae

168 4344 370 4427 arrogantiae
399 4345 579 4426 arguendus
604 4341 730 4415 uidear,
758 4338 811 4402 ubi
836 4339 957 4403 affirmo
982 4339 1066 4404 hanc
1088 4341 1188 4424 ipsam
1213 4339 1361 4426 Sapphus

168 4467 339 4550 epistulam
363 4487 460 4548 quam
481 4464 574 4527 hodie
598 4463 771 4526 habeamus
796 4484 862 4525 esse
886 4462 1062 4546 genuinum
1088 4460 1194 4526 Ouidii
1218 4476 1306 4547 opus.
