3324 5284
858 401 880 464 4

363 589 435 676 (81)
459 585 539 672 Sepc
558 585 678 649 abeunt
700 583 805 647 studia
827 582 862 645 iu
887 603 989 646 mores
1012 584 1157 664 artesque
1179 579 1331 663 magistre

251 794 253 798 Ι
364 709 457 796 (195)
481 707 564 793 Ipsis
587 707 678 771 dolor
700 705 823 770 artibus
846 705 961 770 obstat.

363 831 458 917 (196)
479 829 650 914 Ingenium
673 827 781 893 nimiis
805 826 913 893 deficit
935 847 1029 889 omne
1051 824 1154 888 malis.

317 952 399 1016 Item
432 953 517 1038 apud
549 949 751 1014 Vincentium
779 947 1038 1013 Bellouaceusem
1072 946 1167 1032 (saec.
1199 942 1317 1029 XIII),
1349 941 1404 1025 qui
1426 941 1462 1005 in

272 1073 406 1158 Speculo
438 1093 495 1136 suo
518 1070 685 1135 Historiali
709 1070 817 1134 eadem
842 1069 907 1135 lere
929 1071 1077 1153 excerpta
1099 1088 1136 1131 ac
1159 1065 1282 1130 codices
1303 1063 1352 1127 illi
1374 1062 1462 1127 Pari-

272 1193 335 1257 sini
351 1195 522 1276 eodemque
542 1190 653 1255 ordine
672 1190 765 1255 nobie
785 1191 926 1255 seruauit
944 1211 1138 1275 quamquam
1150 1187 1300 1272 pauciora
1315 1223 1353 1233 -
1366 1183 1463 1268 elegit

273 1314 358 1378 enim
383 1335 419 1377 ea
443 1315 571 1378 tantum
594 1333 676 1396 quae
699 1311 860 1397 proposito
885 1332 941 1376 suo
961 1311 1129 1376 conuenire
1145 1309 1329 1373 uiderentur
1354 1345 1391 1356 -
1404 1306 1461 1370 lib.

272 1435 346 1501 VII.
373 1457 397 1500 c.
427 1435 490 1499 107
514 1435 600 1498 inter
623 1457 669 1498 us.
696 1434 738 1498 56
762 1435 916 1518 epistulae
939 1433 1207 1518 Hypermnestrae
1233 1429 1339 1516 [XIV]
1362 1433 1393 1493 et
1414 1451 1462 1495 us.

274 1558 292 1621 7
324 1556 478 1642 epistulae
501 1556 623 1621 Paridis
649 1556 735 1641 [XV]
756 1555 874 1640 legitur
897 1549 1017 1640 Sapph.
1042 1577 1090 1641 ep.
1110 1577 1160 1618 ns.
1191 1555 1271 1618 196:

527 1677 697 1762 Ingenium
719 1677 827 1741 nimiis
850 1677 957 1742 deficit
979 1699 1072 1742 omne
1096 1677 1198 1741 malis.

317 1800 495 1884 Exscripsit
516 1799 595 1864 haec
618 1799 808 1864 Vincentius
831 1799 899 1863 sine
922 1798 1019 1863 dubio
1044 1821 1083 1863 ex
1106 1800 1260 1885 excerptis
1283 1801 1347 1865 illis
1371 1801 1461 1866 Pari-

273 1923 370 2006 sinis,
407 1926 444 1985 ut
476 1925 589 1986 contra
624 1920 661 1984 Ο.
693 1921 878 1985 Richterum
893 1918 929 2006 ¹),
961 1920 1128 2004 opinatum
1156 1921 1241 2006 ipsos
1273 1923 1462 2006 scriptorum

271 2047 413 2108 ueterum
437 2043 536 2106 libros
560 2040 732 2106 Vincentio
755 2042 789 2105 in
814 2042 961 2107 manibus
985 2042 1098 2120 fuisse,
1122 2043 1218 2107 euicit
1241 2042 1279 2106 Ε.
1305 2043 1461 2122 Proteus,

271 2167 310 2228 de
341 2164 494 2248 excerptis
526 2163 644 2228 Tibull.
660 2165 685 2248 ²)
717 2186 749 2247 p.
783 2165 843 2228 33:
876 2164 1026 2248 congruit
1056 2164 1141 2228 euim
1173 2163 1365 2230 Vincentius
1388 2187 1460 2230 cum

270 2287 309 2350 iis
338 2284 504 2370 Excerptis
535 2286 570 2349 in
602 2285 791 2349 lectionibus
823 2286 985 2368 plurimis,
1016 2307 1097 2370 quae
1127 2307 1194 2350 non
1217 2286 1258 2350 ab
1282 2287 1359 2371 ipsis
1383 2287 1460 2352 scri-

270 2407 415 2493 ptoribus
435 2409 572 2492 possunt
592 2428 658 2471 esse
677 2406 855 2491 profectae,
869 2429 972 2491 neque
991 2430 1029 2472 ex
1048 2407 1169 2473 incerta
1189 2410 1246 2472 aut
1260 2409 1461 2474 ¹inconstanti

271 2528 412 2593 codicum
437 2529 563 2593 ratione
586 2528 753 2612 explicari,
775 2527 828 2592 sed
849 2528 1019 2592 manifesto
1031 2529 1223 2613 excerptoris
1235 2529 1319 2595 illius
1331 2551 1460 2614 operam

269 2652 429 2733 produnt,
460 2650 560 2734 ipsius
591 2648 724 2713 consilio
758 2651 1011 2713 consentaneam.
1049 2648 1116 2714 Nec
1138 2649 1300 2734 profecto,
1327 2651 1353 2716 si
1377 2650 1459 2715 Vin·

269 2769 409 2834 centium
439 2769 600 2853 exipsius
623 2768 730 2833 Ouidii
754 2769 948 2835 carminibus
971 2770 1113 2835 hausisse
1136 2774 1334 2851 statuamus,
1358 2772 1459 2857 expli·

270 2890 334 2954 cari
357 2890 459 2974 possit
481 2889 538 2973 qui
561 2889 681 2954 factum
705 2889 747 2954 sit
769 2893 806 2954 ut
827 2891 923 2976 plane
941 2893 1090 2976 ignotum
1110 2893 1257 2978 Sapphus
1276 2917 1391 2961 nomen
1411 2894 1460 2958 illi

270 3014 369 3089 esset,
394 3014 431 3075 ut
454 3014 538 3076 certe
561 3011 640 3075 fuit:
665 3012 698 3074 in
724 3009 858 3096 Speculo
879 3013 963 3077 enim
983 3013 1151 3079 Historiali
1170 3037 1279 3081 omnes
1298 3017 1364 3081 fere
1382 3038 1458 3102 poe-

268 3134 318 3197 tas
345 3132 481 3198 Graecos
503 3136 685 3211 enumerat,
709 3133 911 3218 Sapphonem
935 3157 1075 3202 uerene
1099 3137 1197 3202 uerbo
1219 3139 1348 3223 quidem
1372 3160 1458 3203 com·

269 3257 425 3319 memorat
452 3263 474 3336 ).

314 3375 425 3451 Quod.
449 3376 567 3440 attinet
597 3379 637 3442 ad
664 3377 802 3461 pretium
834 3379 873 3443 iis
904 3378 1071 3464 Excerptis
1101 3380 1136 3443 in
1167 3380 1319 3464 epistulae
1348 3392 1458 3446 recen·

268 3497 356 3562 sione
389 3497 647 3575 attribuendum,
679 3497 772 3563 facile
805 3499 1022 3584 intellegimus
1055 3500 1089 3564 id
1124 3522 1190 3565 non
1222 3502 1270 3565 ita
1303 3523 1457 3586 magnum

269 3640 352 3694 esee3
378 3639 445 3682 non
471 3618 556 3682 enim
576 3619 610 3683 id
633 3619 734 3703 egisse
757 3626 971 3705 excerptorem
995 3625 1128 3706 apparet
1149 3625 1187 3685 ut
1209 3646 1305 3708 quam
1329 3646 1458 3689 accura-

267 3739 388 3803 tissime
421 3739 560 3804 traderet
596 3741 712 3805 ueteris
748 3741 909 3826 scriptoris
944 3743 1058 3821 uerba,
1094 3747 1149 3808 scd
1184 3748 1323 3809 mutasse
1353 3746 1458 3809 uarios

268 3882 378 3925 uersus
407 3861 454 3923 ita
485 3865 521 3925 ut
551 3862 713 3946 proposito
743 3884 800 3927 suo
828 3864 1037 3930 conuenirent
1050 3865 1084 3945 ⁴).
1122 3866 1195 3932 Una
1217 3871 1326 3932 tamen
1350 3889 1398 3931 res
1423 3868 1458 3930 in

267 3980 307 4044 iis
337 3981 500 4045 inuenitur
523 3983 678 4047 momenti
700 3984 740 4047 ad
763 3984 859 4048 crisin
882 3984 1093 4050 factitandam
1116 4009 1212 4072 quam
1237 3987 1383 4071 marimi3
1408 3993 1457 4052 et·
1590 4042 1591 4045 .

268 4102 352 4166 enim
376 4124 502 4167 versum
527 4101 587 4168 32:

302 4294 325 4353 1)
342 4295 378 4341 De
397 4293 517 4342 Vincentii
534 4292 654 4343 Bellouac.
673 4295 788 4360 excerptis
806 4294 892 4344 Tibull.
912 4295 973 4345 Dies.
991 4297 1071 4361 inaug.
1091 4299 1166 4347 Bonn.
1187 4300 1260 4349 1865.
1279 4316 1302 4364 p.
1324 4302 1354 4350 14
1371 4317 1421 4366 sqq.

300 4376 328 4440 a)
346 4375 408 4425 uis..
426 4375 505 4440 inaug.
524 4375 699 4440 erypnrswau.
718 4377 789 4426 rece.
854 4363 859 4374 “

301 4459 325 4518 3)
342 4459 381 4506 Of.
399 4459 559 4523 Comparetti,
578 4458 594 4507 l.
613 4457 628 4507 l.
647 4474 671 4523 p.
690 4457 714 4511 7.

300 4540 328 4603 4)
347 4539 382 4588 uf.
408 4539 539 4598 Woelffin,
564 4539 686 4604 Philologi
709 4540 776 4590 I'om.
800 4541 907 4590 XXVII
931 4541 1310 4608 (1868)p.1ee;1>rouen,1.
1330 4546 1347 4596 l.
1365 4563 1388 4612 p.
1407 4549 1453 4608 453

267 4623 303 4671 M.
322 4621 462 4686 Rothstein,
481 4624 510 4670 de
528 4623 594 4672 codd.
613 4621 698 4670 'libull
719 4622 811 4685 (Berol.
831 4624 908 4688 1880)
925 4640 948 4688 p.
967 4625 998 4674 25
1017 4641 1067 4690 sqq.
