3274 5292
814 351 876 418 loo

291 535 333 602 Vs
366 537 561 601 169-170:

336 657 408 723 Nae
442 677 530 722 nonu
546 658 570 743 ¹)
601 677 723 724 vansvs
753 677 841 722 anon
868 678 957 721 riom
983 655 1351 720 nnnrrssruaPrnnula

380 780 550 857 Puerum,
576 777 766 844 Davolnrou
793 799 872 844 rann
899 797 1040 844 unverre
1067 797 1151 842 narr.

291 900 343 966 Sic
374 902 500 986 egregie
531 901 683 966 exhibent
713 900 759 966 H.
791 905 823 966 et
852 900 901 984 F„
939 900 1001 965 nisi
1031 900 1116 985 quod
1149 901 1224 963 noto
1250 919 1354 962 errore
1379 918 1438 981 pro

246 1024 415 1118 bethelme
446 1022 567 1088 habent
597 1023 744 1088 letissime
771 1021 818 1106 (et
839 1022 875 1086 in
899 1022 936 1086 F.
962 1042 1020 1105 pro
1045 1022 1109 1086 abit
1132 1024 1180 1085 est
1202 1020 1284 1084 sicut
1305 1019 1340 1083 in
1366 1018 1441 1082 reli-

247 1143 317 1228 quis
347 1145 438 1230 eret).
470 1147 507 1208 ln
539 1144 697 1230 plerisque
729 1143 831 1221 codd„
864 1142 1044 1228 compendii
1068 1142 1218 1206 nimirum
1243 1140 1353 1226 culpa,
1381 1160 1438 1225 pro

247 1288 353 1331 uersos
388 1268 436 1329 est
466 1267 583 1343 iussus,
609 1268 711 1344 uiros,
735 1267 850 1342 iustus,
875 1268 947 1342 cet,
972 1267 1006 1328 et
1029 1266 1128 1349 tetipit
1151 1285 1209 1349 pro
1232 1266 1328 1352 pipat,
1351 1265 1436 1347 quod
1526 1330 1528 1334 ,

247 1387 325 1450 olim
356 1386 536 1472 explicandi
567 1387 672 1471 gratia
703 1407 798 1471 supra
822 1388 899 1473 fipit
925 1384 1027 1467 fuisse
1051 1385 1203 1469 scriptum
1230 1385 1440 1471 probabiliter

248 1508 363 1572 statuit
386 1507 549 1572 Baehrens
572 1507 594 1572 l.
619 1507 640 1574 l.
666 1531 697 1593 p.
724 1508 775 1571 62.
803 1506 841 1571 In
860 1510 893 1595 f.
918 1529 992 1573 uero
1016 1507 1165 1572 librarius
1177 1528 1235 1591 pro
1242 1509 1319 1595 fipir
1330 1507 1444 1590 legens

242 1631 333 1717 sopit
354 1634 472 1695 temere
495 1631 725 1714 interpolauit:

360 1751 429 1818 Nec
452 1773 540 1816 mora
564 1773 673 1817 uersus
696 1774 785 1817 amor
808 1753 895 1837 fugit
918 1753 1094 1818 lentissima
1124 1753 1217 1818 mersi
1243 1756 1318 1832 cet,

250 1875 335 1959 quod
367 1877 526 1959 quomodo
557 1875 640 1940 tueri
668 1875 833 1959 potuerint
853 1875 1002 1940 nonnulli
1027 1898 1094 1941 non
1118 1877 1228 1941 uideo:
1253 1877 1337 1940 inest
1361 1874 1445 1939 euim

249 1997 284 2060 in
317 2018 354 2060 ea
384 1996 521 2061 lectione
541 1996 676 2061 >iteratio
707 1996 949 2074 molestissima,
983 1999 1151 2063 lentissimo
1185 2034 1225 2045 —
1259 1997 1339 2060 miro
1372 1995 1447 2060 satis

251 2117 464 2210 moderaret
490 2119 642 2198 πρόληψιν
664 2119 708 2183 sic
731 2118 852 2183 dictum
883 2157 917 2168 -
943 2140 1037 2184 sensu
1061 2120 1193 2185 omnino
1220 2122 1323 2196 caret,
1349 2139 1447 2202 aeque

255 2259 291 2303 ao
315 2261 546 2317 uerrucarum,
572 2261 644 2303 cum
668 2261 757 2304 amor
779 2241 826 2304 ita
850 2262 916 2304 non
941 2245 1084 2306 uertatur
1108 2241 1161 2306 sed
1179 2235 1295 2318 cesset;
1311 2239 1445 2324 denique

251 2382 520 2444 superuacaneum
551 2381 679 2446 prorsus
703 2366 751 2427 est
775 2383 892 2426 nomen
916 2362 1091 2427 Deucalion
1105 2362 1142 2448 2).
1168 2361 1356 2438 Quorsum
1383 2361 1446 2426 iam

252 2482 327 2547 olim
351 2483 483 2548 uidisset
505 2482 673 2562 Heinsius,
698 2484 795 2548 uariis
819 2484 1008 2549 lectionibus
1031 2485 1116 2548 inter
1138 2483 1448 2568 secomparatis‚ex

252 2604 433 2670 coniectura
457 2605 602 2689 scripsit:

343 2725 411 2792 Nec
433 2748 522 2791 mora
546 2749 654 2792 uersus
678 2749 767 2792 amor
790 2727 899 2813 tetigit
923 2728 1099 2793 lentissima
1122 2728 1264 2812 Pyrrhae
1292 2729 1352 2793 eet.

298 2848 389 2923 Quod
418 2851 523 2913 autem
548 2848 602 2914 ille
625 2850 825 2934 sagacissime
849 2851 989 2914 restituit
1014 2851 1223 2916 confirmatur
1240 2871 1335 2914 nunc
1360 2847 1448 2912 Har-

252 2969 357 3034 leiano
387 2973 419 3034 et
449 2969 600 3034 Fuldensi
630 2974 734 3050 codd.‚
765 2973 800 3035 in
831 2972 946 3056 quibus
970 2975 1079 3037 eadem
1108 2971 1203 3057 plane
1232 2993 1379 3055 expressa
1403 2971 1451 3034 est

253 3091 420 3156 sententia.
447 3094 524 3179 flpit
553 3093 589 3157 in
618 3092 656 3157 iis
688 3093 840 3179 scriptum
874 3116 931 3178 pro
962 3097 1063 3179 tetipit
1094 3094 1147 3179 (cf.
1173 3092 1247 3158 Met.
1284 3092 1341 3157 IX.
1368 3091 1447 3177 720)

253 3212 496 3298 praeferendum
528 3214 672 3293 uidetur,
703 3215 801 3280 satius
833 3238 889 3280 eur
906 3217 995 3301 sapit
1018 3216 1053 3280 in
1071 3216 1102 3301 f.
1128 3216 1169 3279 sit
1193 3214 1320 3278 illatum
1347 3211 1450 3297 expli-

255 3355 340 3398 cans.
364 3333 466 3399 Amor
482 3337 559 3422 fiqit
582 3336 720 3420 aliquem
743 3337 859 3401 dieitur
882 3359 908 3403 e.
934 3357 966 3420 g.
990 3334 1030 3400 A.
1056 3335 1096 3401 A.
1124 3336 1151 3401 Ι.
1178 3336 1238 3401 23:

408 3455 477 3530 Quo
501 3478 552 3520 me
575 3456 646 3520 fixit
668 3456 788 3536 Amor,
813 3478 876 3542 quo
902 3480 951 3522 me
976 3457 1147 3522 uiolentius
1171 3457 1260 3522 ussit.

254 3574 328 3642 Am.
353 3575 395 3640 Π.
421 3577 451 3642 9.
478 3576 516 3654 5,
540 3582 599 3642 oet.
623 3579 788 3644 Praesenti
812 3583 921 3644 autem
940 3582 1016 3666 fipit
1028 3579 1165 3662 tempori
1177 3578 1452 3643 accommodatum

256 3721 295 3763 ex
323 3699 369 3763 H.
402 3720 460 3784 pro
492 3701 610 3766 leuatus
641 3713 708 3766 crat
740 3702 915 3785 recepimus
947 3701 1064 3765 leuatus
1089 3702 1170 3784 obit3
1195 3701 1239 3765 sic
1268 3700 1352 3764 enim
1376 3698 1454 3763 olim

255 3821 352 3886 fuisse
376 3822 529 3905 scriptum
553 3826 695 3908 apparet.

301 3943 349 4008 De
378 3944 444 4008 illis
467 3943 669 4009 Deucalionis
695 3944 899 4031 Pyrrhaeque
924 3947 1085 4011 amoribus
1108 3946 1189 4010 nihil
1214 3945 1345 4009 omnino
1370 3947 1455 4028 apud

255 4067 377 4129 ueteres
408 4065 575 4149 scriptores
607 4065 700 4130 nobis
730 4065 868 4130 traditur
900 4067 961 4131 nisi
993 4068 1052 4132 hoc
1085 4069 1165 4132 loco.
1190 4067 1258 4133 Nec
1284 4068 1456 4133 coniuncta

256 4187 457 4271 reperiuntur
489 4209 597 4252 eorum
621 4186 752 4250 nomina
776 4186 838 4252 nisi
859 4188 895 4251 in
918 4190 995 4252 nota
1020 4189 1133 4252 diluuii
1157 4189 1267 4282 magni
1291 4187 1400 4253 fabula
1423 4190 1457 4252 et

289 4391 314 4452 1)
334 4393 383 4440 Nec
402 4407 481 4449 mora,
500 4390 588 4440 Ouidio
606 4389 732 4439 tritissima
750 4389 851 4448 locutio,
870 4392 924 4438 Am.
946 4391 966 4439 1.
986 4391 1007 4439 6.
1028 4392 1071 4450 13;
1091 4393 1130 4441 ll.
1150 4392 1262 4448 19,·111.
1281 4392 1304 4445 7.
1323 4393 1367 4451 81;
1381 4392 1410 4442 A.
1423 4393 1456 4443 A.

258 4476 279 4524 l.
300 4475 360 4532 146;
376 4477 426 4522 bct.

290 4557 317 4622 2)
335 4556 371 4606 Of.
391 4556 480 4605 Theod.
499 4556 567 4612 Birt,
585 4557 651 4606 Mus.
670 4555 749 4604 Rhen.
769 4555 884 4604 XXXII.
903 4571 926 4620 p.
945 4557 1005 4604 400.
1024 4571 1047 4604 n.
