<?xml version="1.0" encoding="UTF-8"?>
<!DOCTYPE html PUBLIC "-//W3C//DTD XHTML 1.0 Transitional//EN"
    "http://www.w3.org/TR/xhtml1/DTD/xhtml1-transitional.dtd">
<html xmlns="http://www.w3.org/1999/xhtml" xml:lang="en" lang="en">
 <head>
  <title>
</title>
<meta http-equiv="Content-Type" content="text/html;charset=utf-8" />
  <meta name='ocr-system' content='tesseract 3.04.00' />
  <meta name='ocr-capabilities' content='ocr_page ocr_carea ocr_par ocr_line ocrx_word'/>
</head>
<body>
  <div class='ocr_page' id='page_1' title='image "./epistulasapphus00ovidgoog_0057.png"; bbox 0 0 3324 5284; ppageno 0'>
   <div class='ocr_carea' id='block_1_1' title="bbox 285 557 1481 3443">
    <p class='ocr_par' dir='ltr' id='par_1_1' title="bbox 285 557 1479 1740">
     <span class='ocr_line' id='line_1_1' title="bbox 288 557 1476 646; baseline -0.005 -20"><span class='ocrx_word' id='word_1_1' title='bbox 288 583 391 646; x_wconf 83' lang='lat' dir='ltr'><strong>nuper</strong></span> <span class='ocrx_word' id='word_1_2' title='bbox 419 561 560 625; x_wconf 76' lang='lat' dir='ltr'><em>ostendit</em></span> <span class='ocrx_word' id='word_1_3' title='bbox 588 560 750 625; x_wconf 83' lang='lat' dir='ltr'><strong>Baehrens</strong></span> <span class='ocrx_word' id='word_1_4' title='bbox 770 557 796 646; x_wconf 82' lang='grc' dir='ltr'><em>ι)</em></span> <span class='ocrx_word' id='word_1_5' title='bbox 827 559 959 624; x_wconf 90' lang='lat' dir='ltr'><em>uerbum</em></span> <span class='ocrx_word' id='word_1_6' title='bbox 982 559 1063 622; x_wconf 92' lang='lat' dir='ltr'><em>illud</em></span> <span class='ocrx_word' id='word_1_7' title='bbox 1087 558 1217 623; x_wconf 86' lang='lat' dir='ltr'><em>tolerari</em></span> <span class='ocrx_word' id='word_1_8' title='bbox 1240 558 1300 623; x_wconf 89' lang='lat' dir='ltr'><em>hoo</em></span> <span class='ocrx_word' id='word_1_9' title='bbox 1322 558 1393 622; x_wconf 87' lang='lat' dir='ltr'><em>loeo</em></span> <span class='ocrx_word' id='word_1_10' title='bbox 1416 557 1476 620; x_wconf 90' lang='lat' dir='ltr'><em>mi-</em></span> 
     </span>
     <span class='ocr_line' id='line_1_2' title="bbox 287 679 1475 767; baseline -0.003 -19"><span class='ocrx_word' id='word_1_11' title='bbox 287 683 374 748; x_wconf 89' lang='lat' dir='ltr'><em>nime</em></span> <span class='ocrx_word' id='word_1_12' title='bbox 396 703 505 767; x_wconf 88' lang='lat' dir='ltr'><em>posse;</em></span> <span class='ocrx_word' id='word_1_13' title='bbox 529 683 645 748; x_wconf 77' lang='lat' dir='ltr'>etenim</span> <span class='ocrx_word' id='word_1_14' title='bbox 667 682 754 748; x_wconf 69' lang='lat' dir='ltr'><em>loeo·</em></span> <span class='ocrx_word' id='word_1_15' title='bbox 777 683 841 747; x_wconf 90' lang='lat' dir='ltr'><em>iam</em></span> <span class='ocrx_word' id='word_1_16' title='bbox 865 682 941 747; x_wconf 92' lang='lat' dir='ltr'><em>olim</em></span> <span class='ocrx_word' id='word_1_17' title='bbox 965 681 1056 746; x_wconf 81' lang='lat' dir='ltr'><em>uitari</em></span> <span class='ocrx_word' id='word_1_18' title='bbox 1076 681 1187 746; x_wconf 88' lang='lat' dir='ltr'><em>solitos</em></span> <span class='ocrx_word' id='word_1_19' title='bbox 1211 679 1283 745; x_wconf 88' lang='lat' dir='ltr'><em>Am.</em></span> <span class='ocrx_word' id='word_1_20' title='bbox 1307 679 1369 745; x_wconf 92' lang='lat' dir='ltr'><strong>III.</strong></span> <span class='ocrx_word' id='word_1_21' title='bbox 1392 682 1422 745; x_wconf 88' lang='lat'><em>1.</em></span> <span class='ocrx_word' id='word_1_22' title='bbox 1437 681 1475 746; x_wconf 85' lang='lat'><em>7:</em></span> 
     </span>
     <span class='ocr_line' id='line_1_3' title="bbox 297 803 1476 891; baseline -0.003 -23"><span class='ocrx_word' id='word_1_23' title='bbox 297 805 386 870; x_wconf 82' lang='lat' dir='ltr'><em>Venit</em></span> <span class='ocrx_word' id='word_1_24' title='bbox 408 808 552 871; x_wconf 78' lang='lat' dir='ltr'><em>odoratos</em></span> <span class='ocrx_word' id='word_1_25' title='bbox 574 806 699 890; x_wconf 82' lang='lat' dir='ltr'><em>Elopos&#39;a</em></span> <span class='ocrx_word' id='word_1_26' title='bbox 722 827 800 869; x_wconf 71' lang='lat' dir='ltr'><em>aera</em></span> <span class='ocrx_word' id='word_1_27' title='bbox 822 804 965 891; x_wconf 73' lang='lat' dir='ltr'><em>capillos,</em></span> <span class='ocrx_word' id='word_1_28' title='bbox 986 803 1045 868; x_wconf 90' lang='lat' dir='ltr'><em>Ill.</em></span> <span class='ocrx_word' id='word_1_29' title='bbox 1068 804 1096 867; x_wconf 87' lang='grc'><em>9.</em></span> <span class='ocrx_word' id='word_1_30' title='bbox 1120 805 1157 868; x_wconf 87' lang='lat'><em>3:</em></span> <span class='ocrx_word' id='word_1_31' title='bbox 1178 803 1476 888; x_wconf 69' lang='lat' dir='ltr'><em>Flebilisladipaos,</em></span> 
     </span>
     <span class='ocr_line' id='line_1_4' title="bbox 288 925 1479 1014; baseline -0.003 -22"><span class='ocrx_word' id='word_1_32' title='bbox 288 927 430 1011; x_wconf 79' lang='lat' dir='ltr'><em>Elepesa,</em></span> <span class='ocrx_word' id='word_1_33' title='bbox 467 929 548 992; x_wconf 83' lang='lat' dir='ltr'><em>soluo</em></span> <span class='ocrx_word' id='word_1_34' title='bbox 586 927 727 1014; x_wconf 76' lang='lat' dir='ltr'><em>capillos,</em></span> <span class='ocrx_word' id='word_1_35' title='bbox 762 925 851 990; x_wconf 85' lang='lat' dir='ltr'><em>Rem.</em></span> <span class='ocrx_word' id='word_1_36' title='bbox 890 926 969 991; x_wconf 80' lang='lat'><strong>379:</strong></span> <span class='ocrx_word' id='word_1_37' title='bbox 1006 925 1134 988; x_wconf 77' lang='lat' dir='ltr'><em>Blanda</em></span> <span class='ocrx_word' id='word_1_38' title='bbox 1165 925 1367 1011; x_wconf 71' lang='lat' dir='ltr'><em>pharetratos</em></span> <span class='ocrx_word' id='word_1_39' title='bbox 1402 925 1479 989; x_wconf 88' lang='lat' dir='ltr'><em>Ele·</em></span> 
     </span>
     <span class='ocr_line' id='line_1_5' title="bbox 285 1045 1475 1134; baseline -0.003 -21"><span class='ocrx_word' id='word_1_40' title='bbox 285 1051 354 1133; x_wconf 80' lang='lat' dir='ltr'><em>poa&#39;a</em></span> <span class='ocrx_word' id='word_1_41' title='bbox 388 1061 487 1113; x_wconf 81' lang='lat' dir='ltr'><em>cantet</em></span> <span class='ocrx_word' id='word_1_42' title='bbox 520 1070 639 1113; x_wconf 61' lang='lat' dir='ltr'><em>rumores</em></span> <span class='ocrx_word' id='word_1_43' title='bbox 653 1047 679 1134; x_wconf 71' lang='lat'><em>2)</em></span> <span class='ocrx_word' id='word_1_44' title='bbox 701 1086 739 1097; x_wconf 99' lang='lat'>-</span> <span class='ocrx_word' id='word_1_45' title='bbox 763 1048 834 1112; x_wconf 89' lang='lat' dir='ltr'><em>ideo</em></span> <span class='ocrx_word' id='word_1_46' title='bbox 868 1047 931 1112; x_wconf 85' lang='lat' dir='ltr'><em>hue</em></span> <span class='ocrx_word' id='word_1_47' title='bbox 966 1068 1031 1110; x_wconf 93' lang='lat' dir='ltr'><em>non</em></span> <span class='ocrx_word' id='word_1_48' title='bbox 1065 1045 1186 1123; x_wconf 84' lang='lat' dir='ltr'><em>faeere,</em></span> <span class='ocrx_word' id='word_1_49' title='bbox 1223 1046 1308 1131; x_wconf 92' lang='lat' dir='ltr'><em>quod</em></span> <span class='ocrx_word' id='word_1_50' title='bbox 1331 1045 1378 1110; x_wconf 91' lang='lat' dir='ltr'><em>ibi</em></span> <span class='ocrx_word' id='word_1_51' title='bbox 1400 1047 1475 1110; x_wconf 79' lang='lat' dir='ltr'><em>Eo-</em></span> 
     </span>
     <span class='ocr_line' id='line_1_6' title="bbox 286 1167 1478 1254; baseline -0.003 -20"><span class='ocrx_word' id='word_1_52' title='bbox 286 1173 354 1254; x_wconf 81' lang='lat' dir='ltr'><em>poia</em></span> <span class='ocrx_word' id='word_1_53' title='bbox 385 1169 444 1233; x_wconf 91' lang='lat' dir='ltr'><em>dea</em></span> <span class='ocrx_word' id='word_1_54' title='bbox 471 1169 579 1253; x_wconf 84' lang='lat' dir='ltr'><em>aliqua</em></span> <span class='ocrx_word' id='word_1_55' title='bbox 610 1190 740 1254; x_wconf 84' lang='lat' dir='ltr'><em>poeseos</em></span> <span class='ocrx_word' id='word_1_56' title='bbox 770 1169 926 1253; x_wconf 86' lang='lat' dir='ltr'><em>elegiaeae</em></span> <span class='ocrx_word' id='word_1_57' title='bbox 957 1170 1031 1252; x_wconf 89' lang='lat' dir='ltr'><em>apte</em></span> <span class='ocrx_word' id='word_1_58' title='bbox 1063 1167 1254 1251; x_wconf 81' lang='lat' dir='ltr'><em>fingeretur3</em></span> <span class='ocrx_word' id='word_1_59' title='bbox 1280 1167 1331 1233; x_wconf 85' lang='lat' dir='ltr'><em>eui</em></span> <span class='ocrx_word' id='word_1_60' title='bbox 1354 1167 1478 1231; x_wconf 81' lang='lat' dir='ltr'><em>fictioni</em></span> 
     </span>
     <span class='ocr_line' id='line_1_7' title="bbox 287 1287 1478 1354; baseline -0.002 -1"><span class='ocrx_word' id='word_1_61' title='bbox 287 1289 323 1353; x_wconf 90' lang='lat' dir='ltr'><em>in</em></span> <span class='ocrx_word' id='word_1_62' title='bbox 347 1293 458 1354; x_wconf 82' lang='lat' dir='ltr'><em>nostro</em></span> <span class='ocrx_word' id='word_1_63' title='bbox 481 1312 573 1354; x_wconf 90' lang='lat' dir='ltr'><em>uersu</em></span> <span class='ocrx_word' id='word_1_64' title='bbox 596 1291 703 1354; x_wconf 87' lang='lat' dir='ltr'><em>locum</em></span> <span class='ocrx_word' id='word_1_65' title='bbox 727 1311 793 1354; x_wconf 92' lang='lat' dir='ltr'><em>non</em></span> <span class='ocrx_word' id='word_1_66' title='bbox 816 1311 897 1354; x_wconf 91' lang='lat' dir='ltr'><em>esse:</em></span> <span class='ocrx_word' id='word_1_67' title='bbox 924 1290 1015 1353; x_wconf 91' lang='lat' dir='ltr'><em>deam</em></span> <span class='ocrx_word' id='word_1_68' title='bbox 1039 1289 1126 1354; x_wconf 91' lang='lat' dir='ltr'><em>enim</em></span> <span class='ocrx_word' id='word_1_69' title='bbox 1148 1288 1253 1352; x_wconf 89' lang='lat' dir='ltr'><em>flebile</em></span> <span class='ocrx_word' id='word_1_70' title='bbox 1277 1309 1403 1352; x_wconf 77' lang='lat' dir='ltr'><em>carmen</em></span> <span class='ocrx_word' id='word_1_71' title='bbox 1416 1287 1478 1352; x_wconf 88' lang='lat' dir='ltr'><em>diei</em></span> 
     </span>
     <span class='ocr_line' id='line_1_8' title="bbox 288 1383 1475 1495; baseline -0.003 -21"><span class='ocrx_word' id='word_1_72' title='bbox 288 1410 471 1476; x_wconf 88' lang='lat' dir='ltr'><em>absurdum.</em></span> <span class='ocrx_word' id='word_1_73' title='bbox 506 1410 618 1495; x_wconf 89' lang='lat' dir='ltr'>Neque</span> <span class='ocrx_word' id='word_1_74' title='bbox 641 1383 808 1494; x_wconf 88' lang='lat' dir='ltr'><em>Ouidium,</em></span> <span class='ocrx_word' id='word_1_75' title='bbox 834 1411 889 1475; x_wconf 90' lang='lat' dir='ltr'><em>ubi</em></span> <span class='ocrx_word' id='word_1_76' title='bbox 913 1410 1015 1475; x_wconf 88' lang='lat' dir='ltr'><em>solum</em></span> <span class='ocrx_word' id='word_1_77' title='bbox 1039 1431 1140 1495; x_wconf 90' lang='lat' dir='ltr'><em>genus</em></span> <span class='ocrx_word' id='word_1_78' title='bbox 1162 1431 1293 1494; x_wconf 84' lang='lat' dir='ltr'><em>poeseos</em></span> <span class='ocrx_word' id='word_1_79' title='bbox 1312 1408 1475 1492; x_wconf 79' lang='lat' dir='ltr'><em>indicaret,</em></span> 
     </span>
     <span class='ocr_line' id='line_1_9' title="bbox 288 1530 1478 1618; baseline -0.001 -24"><span class='ocrx_word' id='word_1_80' title='bbox 288 1531 350 1595; x_wconf 87' lang='lat' dir='ltr'><em>alia</em></span> <span class='ocrx_word' id='word_1_81' title='bbox 382 1554 533 1616; x_wconf 90' lang='lat' dir='ltr'><em>umquam</em></span> <span class='ocrx_word' id='word_1_82' title='bbox 566 1554 643 1597; x_wconf 86' lang='lat' dir='ltr'><em>uoee</em></span> <span class='ocrx_word' id='word_1_83' title='bbox 674 1534 721 1597; x_wconf 92' lang='lat' dir='ltr'><em>uti</em></span> <span class='ocrx_word' id='word_1_84' title='bbox 753 1556 848 1618; x_wconf 88' lang='lat' dir='ltr'><em>quam</em></span> <span class='ocrx_word' id='word_1_85' title='bbox 878 1533 968 1618; x_wconf 81' lang='lat' dir='ltr'><em>alepi,</em></span> <span class='ocrx_word' id='word_1_86' title='bbox 992 1532 1092 1597; x_wconf 89' lang='lat' dir='ltr'><em>ueluti</em></span> <span class='ocrx_word' id='word_1_87' title='bbox 1116 1532 1205 1596; x_wconf 83' lang='lat' dir='ltr'><em>Rem.</em></span> <span class='ocrx_word' id='word_1_88' title='bbox 1231 1530 1313 1597; x_wconf 83' lang='lat'><strong>395:</strong></span> <span class='ocrx_word' id='word_1_89' title='bbox 1344 1531 1478 1595; x_wconf 79' lang='lat' dir='ltr'><em>Tantum</em></span> 
     </span>
     <span class='ocr_line' id='line_1_10' title="bbox 288 1654 1476 1740; baseline 0 -22"><span class='ocrx_word' id='word_1_90' title='bbox 288 1676 318 1718; x_wconf 84' lang='lat' dir='ltr'><em>se</em></span> <span class='ocrx_word' id='word_1_91' title='bbox 340 1654 425 1719; x_wconf 75' lang='lat' dir='ltr'><em>orodis</em></span> <span class='ocrx_word' id='word_1_92' title='bbox 448 1655 521 1739; x_wconf 83' lang='lat' dir='ltr'><em>elopi</em></span> <span class='ocrx_word' id='word_1_93' title='bbox 539 1656 643 1720; x_wconf 82' lang='lat' dir='ltr'><em>debere</em></span> <span class='ocrx_word' id='word_1_94' title='bbox 659 1657 810 1738; x_wconf 82' lang='lat' dir='ltr'><em>fateatur,</em></span> <span class='ocrx_word' id='word_1_95' title='bbox 840 1655 998 1735; x_wconf 76' lang='lat' dir='ltr'><em>Quantam</em></span> <span class='ocrx_word' id='word_1_96' title='bbox 1020 1655 1153 1740; x_wconf 72' lang='lat' dir='ltr'><em>Vespillo</em></span> <span class='ocrx_word' id='word_1_97' title='bbox 1175 1655 1272 1719; x_wconf 80' lang='lat' dir='ltr'><em>nobile</em></span> <span class='ocrx_word' id='word_1_98' title='bbox 1291 1655 1374 1718; x_wconf 74' lang='lat' dir='ltr'><em>dolet</em></span> <span class='ocrx_word' id='word_1_99' title='bbox 1394 1676 1476 1740; x_wconf 83' lang='lat' dir='ltr'><em>opos.</em></span> 
     </span>
    </p>

    <p class='ocr_par' dir='ltr' id='par_1_2' title="bbox 289 1773 1478 2103">
     <span class='ocr_line' id='line_1_11' title="bbox 334 1773 1478 1859; baseline 0 -22"><span class='ocrx_word' id='word_1_100' title='bbox 334 1773 452 1849; x_wconf 79' lang='lat' dir='ltr'><em>Quodsi</em></span> <span class='ocrx_word' id='word_1_101' title='bbox 482 1775 582 1859; x_wconf 88' lang='lat' dir='ltr'><em>igitur</em></span> <span class='ocrx_word' id='word_1_102' title='bbox 612 1776 732 1859; x_wconf 87' lang='lat' dir='ltr'><em>optime</em></span> <span class='ocrx_word' id='word_1_103' title='bbox 762 1777 994 1842; x_wconf 82' lang='lat' dir='ltr'><em>demonstrauit</em></span> <span class='ocrx_word' id='word_1_104' title='bbox 1016 1776 1179 1842; x_wconf 85' lang='lat' dir='ltr'><em>Baehrens</em></span> <span class='ocrx_word' id='word_1_105' title='bbox 1202 1777 1309 1840; x_wconf 85' lang='lat' dir='ltr'><em>laeum</em></span> <span class='ocrx_word' id='word_1_106' title='bbox 1332 1776 1478 1839; x_wconf 87' lang='lat' dir='ltr'><em>nostrum</em></span> 
     </span>
     <span class='ocr_line' id='line_1_12' title="bbox 289 1897 1477 1982; baseline -0.002 -20"><span class='ocrx_word' id='word_1_107' title='bbox 289 1918 380 1982; x_wconf 87' lang='lat' dir='ltr'><em>egere</em></span> <span class='ocrx_word' id='word_1_108' title='bbox 411 1897 549 1975; x_wconf 89' lang='lat' dir='ltr'><em>medela,</em></span> <span class='ocrx_word' id='word_1_109' title='bbox 583 1901 690 1962; x_wconf 86' lang='lat' dir='ltr'><em>tamen</em></span> <span class='ocrx_word' id='word_1_110' title='bbox 718 1897 804 1962; x_wconf 89' lang='lat' dir='ltr'><em>haud</em></span> <span class='ocrx_word' id='word_1_111' title='bbox 837 1897 902 1963; x_wconf 87' lang='lat' dir='ltr'><em>seio</em></span> <span class='ocrx_word' id='word_1_112' title='bbox 933 1921 975 1962; x_wconf 92' lang='lat' dir='ltr'><em>an</em></span> <span class='ocrx_word' id='word_1_113' title='bbox 1006 1898 1127 1963; x_wconf 91' lang='lat' dir='ltr'><em>nemini</em></span> <span class='ocrx_word' id='word_1_114' title='bbox 1150 1898 1193 1962; x_wconf 86' lang='lat' dir='ltr'><em>sit</em></span> <span class='ocrx_word' id='word_1_115' title='bbox 1215 1897 1477 1982; x_wconf 78' lang='lat' dir='ltr'><em>comprobaturus</em></span> 
     </span>
     <span class='ocr_line' id='line_1_13' title="bbox 289 2017 777 2103; baseline 0.002 -20"><span class='ocrx_word' id='word_1_116' title='bbox 289 2039 385 2103; x_wconf 87' lang='lat' dir='ltr'><em>quam</em></span> <span class='ocrx_word' id='word_1_117' title='bbox 407 2017 529 2103; x_wconf 78' lang='lat' dir='ltr'><em>profert</em></span> <span class='ocrx_word' id='word_1_118' title='bbox 551 2019 777 2084; x_wconf 81' lang='lat' dir='ltr'><em>coniecturam:</em></span> 
     </span>
    </p>

    <p class='ocr_par' dir='ltr' id='par_1_3' title="bbox 290 2139 1481 3443">
     <span class='ocr_line' id='line_1_14' title="bbox 381 2139 1335 2226; baseline 0.002 -23"><span class='ocrx_word' id='word_1_119' title='bbox 381 2139 521 2205; x_wconf 81' lang='lat' dir='ltr'><em>Flendus</em></span> <span class='ocrx_word' id='word_1_120' title='bbox 545 2162 634 2205; x_wconf 88' lang='lat' dir='ltr'><em>amor</em></span> <span class='ocrx_word' id='word_1_121' title='bbox 658 2162 746 2205; x_wconf 90' lang='lat' dir='ltr'><em>meus</em></span> <span class='ocrx_word' id='word_1_122' title='bbox 769 2145 832 2206; x_wconf 87' lang='lat' dir='ltr'><em>est:</em></span> <span class='ocrx_word' id='word_1_123' title='bbox 858 2143 937 2224; x_wconf 85' lang='lat' dir='ltr'><em>elegi</em></span> <span class='ocrx_word' id='word_1_124' title='bbox 960 2144 1037 2207; x_wconf 90' lang='lat' dir='ltr'><em>sunt</em></span> <span class='ocrx_word' id='word_1_125' title='bbox 1058 2142 1163 2207; x_wconf 91' lang='lat' dir='ltr'>flebile</span> <span class='ocrx_word' id='word_1_126' title='bbox 1188 2163 1335 2226; x_wconf 84' lang='lat' dir='ltr'><em>aermon,</em></span> 
     </span>
     <span class='ocr_line' id='line_1_15' title="bbox 290 2261 1478 2348; baseline 0.002 -23"><span class='ocrx_word' id='word_1_127' title='bbox 290 2284 353 2346; x_wconf 86' lang='lat' dir='ltr'><em>qua</em></span> <span class='ocrx_word' id='word_1_128' title='bbox 392 2261 574 2346; x_wconf 85' lang='lat' dir='ltr'><em>languidior</em></span> <span class='ocrx_word' id='word_1_129' title='bbox 605 2263 740 2328; x_wconf 86' lang='lat' dir='ltr'><em>efficitur</em></span> <span class='ocrx_word' id='word_1_130' title='bbox 770 2286 879 2328; x_wconf 89' lang='lat' dir='ltr'><em>uersus</em></span> <span class='ocrx_word' id='word_1_131' title='bbox 909 2264 982 2342; x_wconf 92' lang='lat' dir='ltr'><em>ille,</em></span> <span class='ocrx_word' id='word_1_132' title='bbox 1012 2287 1123 2348; x_wconf 88' lang='lat' dir='ltr'><em>quem,</em></span> <span class='ocrx_word' id='word_1_133' title='bbox 1157 2266 1193 2328; x_wconf 88' lang='lat' dir='ltr'><em>ut</em></span> <span class='ocrx_word' id='word_1_134' title='bbox 1223 2263 1302 2327; x_wconf 91' lang='lat' dir='ltr'><em>mihi</em></span> <span class='ocrx_word' id='word_1_135' title='bbox 1333 2263 1478 2348; x_wconf 87' lang='lat' dir='ltr'><em>uidetur,</em></span> 
     </span>
     <span class='ocr_line' id='line_1_16' title="bbox 290 2384 1479 2470; baseline 0 -23"><span class='ocrx_word' id='word_1_136' title='bbox 290 2387 368 2448; x_wconf 89' lang='lat' dir='ltr'><em>tuno</em></span> <span class='ocrx_word' id='word_1_137' title='bbox 392 2384 520 2448; x_wconf 91' lang='lat' dir='ltr'><em>demum</em></span> <span class='ocrx_word' id='word_1_138' title='bbox 542 2388 628 2449; x_wconf 85' lang='lat' dir='ltr'><em>reete</em></span> <span class='ocrx_word' id='word_1_139' title='bbox 651 2385 835 2449; x_wconf 89' lang='lat' dir='ltr'><em>restitutum</em></span> <span class='ocrx_word' id='word_1_140' title='bbox 858 2384 991 2463; x_wconf 86' lang='lat' dir='ltr'><em>dixeris,</em></span> <span class='ocrx_word' id='word_1_141' title='bbox 1017 2407 1089 2450; x_wconf 87' lang='lat' dir='ltr'><em>eum</em></span> <span class='ocrx_word' id='word_1_142' title='bbox 1112 2386 1186 2470; x_wconf 78' lang='lat' dir='ltr'><em>alepi</em></span> <span class='ocrx_word' id='word_1_143' title='bbox 1207 2384 1356 2462; x_wconf 87' lang='lat' dir='ltr'><em>uerbum,</em></span> <span class='ocrx_word' id='word_1_144' title='bbox 1369 2384 1404 2447; x_wconf 90' lang='lat' dir='ltr'><em>in</em></span> <span class='ocrx_word' id='word_1_145' title='bbox 1415 2405 1479 2469; x_wconf 91' lang='lat' dir='ltr'><em>quo</em></span> 
     </span>
     <span class='ocr_line' id='line_1_17' title="bbox 290 2505 1480 2591; baseline 0 -23"><span class='ocrx_word' id='word_1_146' title='bbox 290 2505 459 2590; x_wconf 76' lang='lat' dir='ltr'><em>praecipua</em></span> <span class='ocrx_word' id='word_1_147' title='bbox 490 2505 533 2569; x_wconf 78' lang='lat' dir='ltr'><em>rit</em></span> <span class='ocrx_word' id='word_1_148' title='bbox 554 2505 731 2570; x_wconf 79' lang='lat' dir='ltr'><em>sententiae</em></span> <span class='ocrx_word' id='word_1_149' title='bbox 757 2507 804 2570; x_wconf 88' lang='lat' dir='ltr'><em>uis</em></span> <span class='ocrx_word' id='word_1_150' title='bbox 827 2509 859 2570; x_wconf 90' lang='lat' dir='ltr'><em>et</em></span> <span class='ocrx_word' id='word_1_151' title='bbox 882 2506 1041 2590; x_wconf 88' lang='lat' dir='ltr'><em>grauitas,</em></span> <span class='ocrx_word' id='word_1_152' title='bbox 1065 2507 1188 2571; x_wconf 93' lang='lat' dir='ltr'><em>nonin</em></span> <span class='ocrx_word' id='word_1_153' title='bbox 1211 2505 1358 2591; x_wconf 91' lang='lat' dir='ltr'><em>apodosi,</em></span> <span class='ocrx_word' id='word_1_154' title='bbox 1383 2527 1480 2589; x_wconf 91' lang='lat' dir='ltr'><em>quam</em></span> 
     </span>
     <span class='ocr_line' id='line_1_18' title="bbox 290 2625 1480 2712; baseline 0 -22"><span class='ocrx_word' id='word_1_155' title='bbox 290 2631 425 2705; x_wconf 81' lang='lat' dir='ltr'><em>uocant,</em></span> <span class='ocrx_word' id='word_1_156' title='bbox 458 2630 512 2692; x_wconf 85' lang='lat' dir='ltr'><em>sed</em></span> <span class='ocrx_word' id='word_1_157' title='bbox 543 2628 645 2692; x_wconf 90' lang='lat' dir='ltr'><em>multo</em></span> <span class='ocrx_word' id='word_1_158' title='bbox 672 2627 828 2692; x_wconf 84' lang='lat' dir='ltr'><em>efficacius</em></span> <span class='ocrx_word' id='word_1_159' title='bbox 857 2628 892 2693; x_wconf 92' lang='lat' dir='ltr'><em>in</em></span> <span class='ocrx_word' id='word_1_160' title='bbox 915 2629 1037 2712; x_wconf 76' lang='lat' dir='ltr'><em>protasi</em></span> <span class='ocrx_word' id='word_1_161' title='bbox 1061 2628 1103 2692; x_wconf 92' lang='lat' dir='ltr'><em>sit</em></span> <span class='ocrx_word' id='word_1_162' title='bbox 1126 2628 1334 2692; x_wconf 77' lang='lat' dir='ltr'><em>collocatum:</em></span> <span class='ocrx_word' id='word_1_163' title='bbox 1358 2625 1480 2712; x_wconf 88' lang='lat' dir='ltr'><em>poetria</em></span> 
     </span>
     <span class='ocr_line' id='line_1_19' title="bbox 291 2748 1477 2815; baseline -0.001 -3"><span class='ocrx_word' id='word_1_164' title='bbox 291 2749 375 2812; x_wconf 89' lang='lat' dir='ltr'><em>enim</em></span> <span class='ocrx_word' id='word_1_165' title='bbox 406 2770 473 2813; x_wconf 90' lang='lat' dir='ltr'><em>non</em></span> <span class='ocrx_word' id='word_1_166' title='bbox 497 2748 557 2812; x_wconf 88' lang='lat' dir='ltr'><em>hos</em></span> <span class='ocrx_word' id='word_1_167' title='bbox 581 2749 677 2813; x_wconf 92' lang='lat' dir='ltr'><em>debet</em></span> <span class='ocrx_word' id='word_1_168' title='bbox 698 2749 800 2814; x_wconf 84' lang='lat' dir='ltr'><em>disere</em></span> <span class='ocrx_word' id='word_1_169' title='bbox 823 2748 963 2813; x_wconf 91' lang='lat' dir='ltr'><em>flendum</em></span> <span class='ocrx_word' id='word_1_170' title='bbox 987 2750 1047 2815; x_wconf 90' lang='lat' dir='ltr'><em>sibi</em></span> <span class='ocrx_word' id='word_1_171' title='bbox 1070 2771 1137 2814; x_wconf 89' lang='lat' dir='ltr'><em>esse</em></span> <span class='ocrx_word' id='word_1_172' title='bbox 1159 2770 1298 2814; x_wconf 87' lang='lat' dir='ltr'><em>amorem</em></span> <span class='ocrx_word' id='word_1_173' title='bbox 1322 2771 1414 2813; x_wconf 88' lang='lat' dir='ltr'><em>suum</em></span> <span class='ocrx_word' id='word_1_174' title='bbox 1437 2785 1477 2797; x_wconf 88' lang='lat'><em>-</em></span> 
     </span>
     <span class='ocr_line' id='line_1_20' title="bbox 291 2869 1479 2960; baseline 0 -28"><span class='ocrx_word' id='word_1_175' title='bbox 291 2869 322 2932; x_wconf 94' lang='lat' dir='ltr'><em>id</em></span> <span class='ocrx_word' id='word_1_176' title='bbox 357 2870 442 2953; x_wconf 92' lang='lat' dir='ltr'><em>quod</em></span> <span class='ocrx_word' id='word_1_177' title='bbox 472 2869 576 2953; x_wconf 91' lang='lat' dir='ltr'><em>quiuis</em></span> <span class='ocrx_word' id='word_1_178' title='bbox 600 2872 715 2960; x_wconf 77' lang='lat' dir='ltr'><em>sppnte</em></span> <span class='ocrx_word' id='word_1_179' title='bbox 737 2870 897 2954; x_wconf 75' lang='lat' dir='ltr'><em>intellegit</em></span> <span class='ocrx_word' id='word_1_180' title='bbox 910 2909 971 2947; x_wconf 94' lang='lat'><em>-,</em></span> <span class='ocrx_word' id='word_1_181' title='bbox 994 2871 1049 2935; x_wconf 93' lang='lat' dir='ltr'><em>sed</em></span> <span class='ocrx_word' id='word_1_182' title='bbox 1072 2894 1136 2956; x_wconf 90' lang='lat' dir='ltr'><em>qua</em></span> <span class='ocrx_word' id='word_1_183' title='bbox 1159 2870 1301 2948; x_wconf 87' lang='lat' dir='ltr'><em>ratione,</em></span> <span class='ocrx_word' id='word_1_184' title='bbox 1321 2891 1385 2954; x_wconf 91' lang='lat' dir='ltr'><em>quo</em></span> <span class='ocrx_word' id='word_1_185' title='bbox 1409 2891 1479 2936; x_wconf 81' lang='lat' dir='ltr'><em>aar·</em></span> 
     </span>
     <span class='ocr_line' id='line_1_21' title="bbox 292 2989 1479 3074; baseline 0 -21"><span class='ocrx_word' id='word_1_186' title='bbox 292 2990 386 3054; x_wconf 92' lang='lat' dir='ltr'><em>minis</em></span> <span class='ocrx_word' id='word_1_187' title='bbox 410 3010 542 3074; x_wconf 83' lang='lat' dir='ltr'><em>genere,</em></span> <span class='ocrx_word' id='word_1_188' title='bbox 567 3011 638 3054; x_wconf 87' lang='lat' dir='ltr'><em>aum</em></span> <span class='ocrx_word' id='word_1_189' title='bbox 661 2991 704 3054; x_wconf 88' lang='lat' dir='ltr'><em>sit</em></span> <span class='ocrx_word' id='word_1_190' title='bbox 726 2989 850 3056; x_wconf 89' lang='lat' dir='ltr'><em>flendus</em></span> <span class='ocrx_word' id='word_1_191' title='bbox 874 3013 980 3069; x_wconf 90' lang='lat' dir='ltr'><em>amor,</em></span> <span class='ocrx_word' id='word_1_192' title='bbox 1004 2991 1098 3057; x_wconf 90' lang='lat' dir='ltr'><em>fletus</em></span> <span class='ocrx_word' id='word_1_193' title='bbox 1117 2992 1165 3056; x_wconf 94' lang='lat' dir='ltr'><em>illi</em></span> <span class='ocrx_word' id='word_1_194' title='bbox 1185 2992 1305 3057; x_wconf 86' lang='lat' dir='ltr'><em>effundi</em></span> <span class='ocrx_word' id='word_1_195' title='bbox 1328 2991 1479 3069; x_wconf 86' lang='lat' dir='ltr'><em>debeant,</em></span> 
     </span>
     <span class='ocr_line' id='line_1_22' title="bbox 291 3093 1481 3199; baseline 0 -23"><span class='ocrx_word' id='word_1_196' title='bbox 291 3133 405 3195; x_wconf 85' lang='lat' dir='ltr'><em>nempe</em></span> <span class='ocrx_word' id='word_1_197' title='bbox 439 3113 578 3180; x_wconf 77' lang='lat' dir='ltr'><em>carmine</em></span> <span class='ocrx_word' id='word_1_198' title='bbox 613 3093 770 3198; x_wconf 84' lang='lat' dir='ltr'><em>elegiaco,</em></span> <span class='ocrx_word' id='word_1_199' title='bbox 805 3101 891 3197; x_wconf 88' lang='lat' dir='ltr'><em>quod</em></span> <span class='ocrx_word' id='word_1_200' title='bbox 926 3114 1052 3179; x_wconf 87' lang='lat' dir='ltr'><em>fletibus</em></span> <span class='ocrx_word' id='word_1_201' title='bbox 1087 3115 1129 3179; x_wconf 89' lang='lat' dir='ltr'><em>sit</em></span> <span class='ocrx_word' id='word_1_202' title='bbox 1163 3115 1337 3199; x_wconf 91' lang='lat' dir='ltr'><em>proprium.</em></span> <span class='ocrx_word' id='word_1_203' title='bbox 1378 3112 1481 3189; x_wconf 83' lang='lat' dir='ltr'><em>Quare</em></span> 
     </span>
     <span class='ocr_line' id='line_1_23' title="bbox 291 3233 808 3318; baseline 0.006 -21"><span class='ocrx_word' id='word_1_204' title='bbox 291 3233 452 3317; x_wconf 80' lang='lat' dir='ltr'><em>scripsisse</em></span> <span class='ocrx_word' id='word_1_205' title='bbox 474 3237 602 3318; x_wconf 88' lang='lat' dir='ltr'><em>poetam</em></span> <span class='ocrx_word' id='word_1_206' title='bbox 625 3236 808 3300; x_wconf 87' lang='lat' dir='ltr'><em>statuerim:</em></span> 
     </span>
     <span class='ocr_line' id='line_1_24' title="bbox 404 3354 1350 3443; baseline 0.001 -25"><span class='ocrx_word' id='word_1_207' title='bbox 404 3354 544 3420; x_wconf 82' lang='lat' dir='ltr'><em>Flendus</em></span> <span class='ocrx_word' id='word_1_208' title='bbox 566 3378 656 3421; x_wconf 88' lang='lat' dir='ltr'><em>amor</em></span> <span class='ocrx_word' id='word_1_209' title='bbox 678 3379 767 3422; x_wconf 87' lang='lat' dir='ltr'><em>meus</em></span> <span class='ocrx_word' id='word_1_210' title='bbox 789 3362 846 3422; x_wconf 88' lang='lat' dir='ltr'><em>est·</em></span> <span class='ocrx_word' id='word_1_211' title='bbox 861 3358 976 3443; x_wconf 92' lang='lat' dir='ltr'><em>elegis:</em></span> <span class='ocrx_word' id='word_1_212' title='bbox 1001 3358 1063 3424; x_wconf 88' lang='lat' dir='ltr'><em>hoo</em></span> <span class='ocrx_word' id='word_1_213' title='bbox 1085 3357 1190 3423; x_wconf 86' lang='lat' dir='ltr'><em>flebile</em></span> <span class='ocrx_word' id='word_1_214' title='bbox 1214 3379 1350 3422; x_wconf 76' lang='lat' dir='ltr'><em>carmen.</em></span> 
     </span>
    </p>
   </div>
   <div class='ocr_carea' id='block_1_2' title="bbox 293 3597 1484 4052">
    <p class='ocr_par' dir='ltr' id='par_1_4' title="bbox 293 3597 1484 4052">
     <span class='ocr_line' id='line_1_25' title="bbox 339 3597 1483 3688; baseline 0.001 -24"><span class='ocrx_word' id='word_1_215' title='bbox 339 3597 485 3664; x_wconf 79' lang='lat' dir='ltr'><em>Ceterum</em></span> <span class='ocrx_word' id='word_1_216' title='bbox 507 3622 578 3664; x_wconf 83' lang='lat' dir='ltr'><em>saer</em></span> <span class='ocrx_word' id='word_1_217' title='bbox 596 3601 690 3666; x_wconf 89' lang='lat' dir='ltr'><em>huius</em></span> <span class='ocrx_word' id='word_1_218' title='bbox 704 3625 810 3666; x_wconf 91' lang='lat' dir='ltr'><em>uersus</em></span> <span class='ocrx_word' id='word_1_219' title='bbox 822 3602 946 3667; x_wconf 86' lang='lat' dir='ltr'><em>exstitit</em></span> <span class='ocrx_word' id='word_1_220' title='bbox 956 3603 1162 3688; x_wconf 89' lang='lat' dir='ltr'><em>impugnator</em></span> <span class='ocrx_word' id='word_1_221' title='bbox 1173 3602 1219 3667; x_wconf 87' lang='lat' dir='ltr'><em>Ia.</em></span> <span class='ocrx_word' id='word_1_222' title='bbox 1233 3602 1306 3668; x_wconf 90' lang='lat' dir='ltr'><em>Val.</em></span> <span class='ocrx_word' id='word_1_223' title='bbox 1320 3601 1483 3679; x_wconf 79' lang='lat' dir='ltr'><em>Francke,</em></span> 
     </span>
     <span class='ocr_line' id='line_1_26' title="bbox 293 3717 1484 3808; baseline 0 -22"><span class='ocrx_word' id='word_1_224' title='bbox 293 3723 328 3786; x_wconf 90' lang='lat' dir='ltr'><em>in</em></span> <span class='ocrx_word' id='word_1_225' title='bbox 365 3717 484 3787; x_wconf 83' lang='lat' dir='ltr'><em>Calliao</em></span> <span class='ocrx_word' id='word_1_226' title='bbox 514 3742 589 3806; x_wconf 87' lang='lat' dir='ltr'><em>pag.</em></span> <span class='ocrx_word' id='word_1_227' title='bbox 622 3723 665 3787; x_wconf 83' lang='lat'><em>43</em></span> <span class='ocrx_word' id='word_1_228' title='bbox 698 3723 741 3787; x_wconf 85' lang='lat' dir='ltr'><em>sie</em></span> <span class='ocrx_word' id='word_1_229' title='bbox 774 3724 945 3787; x_wconf 90' lang='lat' dir='ltr'><em>disserens:</em></span> <span class='ocrx_word' id='word_1_230' title='bbox 983 3723 1089 3788; x_wconf 80' lang='lat' dir='ltr'><em>»Illud</em></span> <span class='ocrx_word' id='word_1_231' title='bbox 1121 3727 1205 3788; x_wconf 81' lang='lat' dir='ltr'><em>uerte</em></span> <span class='ocrx_word' id='word_1_232' title='bbox 1226 3724 1312 3787; x_wconf 92' lang='lat' dir='ltr'><em>haud</em></span> <span class='ocrx_word' id='word_1_233' title='bbox 1343 3723 1484 3808; x_wconf 85' lang='lat' dir='ltr'><em>neglexit</em></span> 
     </span>
     <span class='ocr_line' id='line_1_27' title="bbox 295 3839 1483 3930; baseline 0.004 -27"><span class='ocrx_word' id='word_1_234' title='bbox 295 3841 449 3907; x_wconf 75' lang='lat' dir='ltr'><em>»Ouidius</em></span> <span class='ocrx_word' id='word_1_235' title='bbox 481 3839 588 3920; x_wconf 73' lang='grc' dir='ltr'><em>ἔλεγον</em></span> <span class='ocrx_word' id='word_1_236' title='bbox 619 3864 685 3907; x_wconf 91' lang='lat' dir='ltr'><em>non</em></span> <span class='ocrx_word' id='word_1_237' title='bbox 716 3865 782 3908; x_wconf 90' lang='lat' dir='ltr'><em>esse</em></span> <span class='ocrx_word' id='word_1_238' title='bbox 811 3844 943 3909; x_wconf 91' lang='lat' dir='ltr'><em>omnino</em></span> <span class='ocrx_word' id='word_1_239' title='bbox 968 3845 1153 3928; x_wconf 92' lang='lat' dir='ltr'><em>querulum,</em></span> <span class='ocrx_word' id='word_1_240' title='bbox 1178 3848 1229 3909; x_wconf 90' lang='lat' dir='ltr'><em>sed</em></span> <span class='ocrx_word' id='word_1_241' title='bbox 1256 3845 1391 3930; x_wconf 87' lang='lat' dir='ltr'><em>lugubre</em></span> <span class='ocrx_word' id='word_1_242' title='bbox 1415 3865 1483 3908; x_wconf 87' lang='lat' dir='ltr'><em>ear·</em></span> 
     </span>
     <span class='ocr_line' id='line_1_28' title="bbox 296 3951 1484 4052; baseline 0.005 -30"><span class='ocrx_word' id='word_1_243' title='bbox 296 3984 401 4026; x_wconf 67' lang='lat' dir='ltr'><em>amen.</em></span> <span class='ocrx_word' id='word_1_244' title='bbox 437 3951 540 4026; x_wconf 87' lang='lat' dir='ltr'><em>Aliter</em></span> <span class='ocrx_word' id='word_1_245' title='bbox 570 3962 624 4026; x_wconf 92' lang='lat' dir='ltr'><em>ille</em></span> <span class='ocrx_word' id='word_1_246' title='bbox 655 3966 750 4047; x_wconf 88' lang='lat' dir='ltr'><em>poeta</em></span> <span class='ocrx_word' id='word_1_247' title='bbox 779 3964 825 4048; x_wconf 87' lang='lat' dir='ltr'><em>(h.</em></span> <span class='ocrx_word' id='word_1_248' title='bbox 846 3987 873 4028; x_wconf 90' lang='lat' dir='ltr'><em>e.</em></span> <span class='ocrx_word' id='word_1_249' title='bbox 903 3965 958 4049; x_wconf 91' lang='lat' dir='ltr'><em>qui</em></span> <span class='ocrx_word' id='word_1_250' title='bbox 983 3964 1130 4050; x_wconf 86' lang='lat' dir='ltr'><em>Sapphus</em></span> <span class='ocrx_word' id='word_1_251' title='bbox 1153 3966 1279 4050; x_wconf 75' lang='lat' dir='ltr'><em>scripsit</em></span> <span class='ocrx_word' id='word_1_252' title='bbox 1301 3965 1484 4052; x_wconf 88' lang='lat' dir='ltr'><em>epistulam)</em></span> 
     </span>
    </p>
   </div>
   <div class='ocr_carea' id='block_1_3' title="bbox 295 4081 1486 4293">
    <p class='ocr_par' dir='ltr' id='par_1_5' title="bbox 295 4081 1486 4293">
     <span class='ocr_line' id='line_1_29' title="bbox 295 4081 1484 4172; baseline 0.005 -27"><span class='ocrx_word' id='word_1_253' title='bbox 295 4083 375 4148; x_wconf 78' lang='lat' dir='ltr'><em>»hos</em></span> <span class='ocrx_word' id='word_1_254' title='bbox 409 4083 495 4167; x_wconf 82' lang='lat' dir='ltr'><em>ipsos</em></span> <span class='ocrx_word' id='word_1_255' title='bbox 530 4081 637 4147; x_wconf 90' lang='lat' dir='ltr'><em>Ouidii</em></span> <span class='ocrx_word' id='word_1_256' title='bbox 672 4106 782 4149; x_wconf 89' lang='lat' dir='ltr'><em>uersus</em></span> <span class='ocrx_word' id='word_1_257' title='bbox 819 4085 904 4172; x_wconf 83' lang='lat' dir='ltr'><em>(Am.</em></span> <span class='ocrx_word' id='word_1_258' title='bbox 937 4086 997 4150; x_wconf 84' lang='grc' dir='ltr'><strong>ΙΙΙ.</strong></span> <span class='ocrx_word' id='word_1_259' title='bbox 1030 4088 1060 4152; x_wconf 83' lang='grc'><em>9.</em></span> <span class='ocrx_word' id='word_1_260' title='bbox 1095 4089 1196 4172; x_wconf 86' lang='lat' dir='ltr'><em>3sq.,</em></span> <span class='ocrx_word' id='word_1_261' title='bbox 1230 4109 1326 4171; x_wconf 89' lang='lat' dir='ltr'><em>supra</em></span> <span class='ocrx_word' id='word_1_262' title='bbox 1358 4086 1484 4172; x_wconf 82' lang='lat' dir='ltr'><em>allatos)</em></span> 
     </span>
     <span class='ocr_line' id='line_1_30' title="bbox 295 4205 1486 4293; baseline 0.003 -27"><span class='ocrx_word' id='word_1_263' title='bbox 295 4205 438 4270; x_wconf 81' lang='lat' dir='ltr'><em>»habens</em></span> <span class='ocrx_word' id='word_1_264' title='bbox 469 4205 511 4270; x_wconf 93' lang='lat' dir='ltr'><em>ob</em></span> <span class='ocrx_word' id='word_1_265' title='bbox 542 4205 650 4270; x_wconf 85' lang='lat' dir='ltr'><em>oeulos</em></span> <span class='ocrx_word' id='word_1_266' title='bbox 679 4207 833 4290; x_wconf 85' lang='lat' dir='ltr'><em>expressit</em></span> <span class='ocrx_word' id='word_1_267' title='bbox 854 4230 1002 4291; x_wconf 88' lang='lat' dir='ltr'><em>peruersa</em></span> <span class='ocrx_word' id='word_1_268' title='bbox 1025 4205 1238 4273; x_wconf 87' lang='lat' dir='ltr'><em>imitatione.”</em></span> <span class='ocrx_word' id='word_1_269' title='bbox 1275 4206 1366 4283; x_wconf 81' lang='lat' dir='ltr'><em>Quod</em></span> <span class='ocrx_word' id='word_1_270' title='bbox 1389 4229 1486 4293; x_wconf 85' lang='lat' dir='ltr'><em>quam</em></span> 
     </span>
    </p>
   </div>
   <div class='ocr_carea' id='block_1_4' title="bbox 329 4501 1125 4646">
    <p class='ocr_par' dir='ltr' id='par_1_6' title="bbox 329 4501 1125 4646">
     <span class='ocr_line' id='line_1_31' title="bbox 330 4501 1125 4569; baseline 0.004 -17"><span class='ocrx_word' id='word_1_271' title='bbox 330 4503 357 4566; x_wconf 94' lang='lat'><em>1)</em></span> <span class='ocrx_word' id='word_1_272' title='bbox 376 4503 405 4552; x_wconf 92' lang='lat' dir='ltr'><em>In</em></span> <span class='ocrx_word' id='word_1_273' title='bbox 426 4504 533 4553; x_wconf 59' lang='lat' dir='ltr'><em>„Rivista</em></span> <span class='ocrx_word' id='word_1_274' title='bbox 551 4503 575 4552; x_wconf 91' lang='lat' dir='ltr'><em>di</em></span> <span class='ocrx_word' id='word_1_275' title='bbox 592 4501 722 4567; x_wconf 78' lang='lat' dir='ltr'><em>lllologis”,</em></span> <span class='ocrx_word' id='word_1_276' title='bbox 740 4502 813 4553; x_wconf 86' lang='lat' dir='ltr'>XIII.</span> <span class='ocrx_word' id='word_1_277' title='bbox 833 4505 905 4554; x_wconf 79' lang='lat'>1-2.</span> <span class='ocrx_word' id='word_1_278' title='bbox 924 4505 997 4554; x_wconf 79' lang='lat'><strong>1884.</strong></span> <span class='ocrx_word' id='word_1_279' title='bbox 1014 4519 1067 4569; x_wconf 81' lang='lat' dir='ltr'><em>pag.</em></span> <span class='ocrx_word' id='word_1_280' title='bbox 1086 4506 1125 4555; x_wconf 77' lang='lat'><em>56.</em></span> 
     </span>
     <span class='ocr_line' id='line_1_32' title="bbox 329 4584 956 4646; baseline 0.003 -14"><span class='ocrx_word' id='word_1_281' title='bbox 329 4585 355 4646; x_wconf 82' lang='lat'><em>2)</em></span> <span class='ocrx_word' id='word_1_282' title='bbox 372 4586 401 4634; x_wconf 86' lang='lat' dir='ltr'><em>ol.</em></span> <span class='ocrx_word' id='word_1_283' title='bbox 419 4585 528 4634; x_wconf 82' lang='lat' dir='ltr'><em>Martisl.</em></span> <span class='ocrx_word' id='word_1_284' title='bbox 547 4586 576 4634; x_wconf 87' lang='lat' dir='ltr'><em>V.</em></span> <span class='ocrx_word' id='word_1_285' title='bbox 595 4586 634 4634; x_wconf 89' lang='grc'><em>30.</em></span> <span class='ocrx_word' id='word_1_286' title='bbox 653 4587 677 4632; x_wconf 83' lang='lat'><em>4.</em></span> <span class='ocrx_word' id='word_1_287' title='bbox 696 4587 756 4634; x_wconf 85' lang='lat' dir='ltr'><em>Stat.</em></span> <span class='ocrx_word' id='word_1_288' title='bbox 774 4586 832 4635; x_wconf 90' lang='lat' dir='ltr'><em>Silu.</em></span> <span class='ocrx_word' id='word_1_289' title='bbox 852 4586 873 4635; x_wconf 93' lang='lat' dir='ltr'><em>l.</em></span> <span class='ocrx_word' id='word_1_290' title='bbox 892 4585 915 4634; x_wconf 75' lang='lat'><em>2.</em></span> <span class='ocrx_word' id='word_1_291' title='bbox 934 4584 956 4636; x_wconf 80' lang='grc'><em>7.</em></span> 
     </span>
    </p>
   </div>
   <div class='ocr_carea' id='block_1_5' title="bbox 0 0 1677 5284">
    <p class='ocr_par' dir='ltr' id='par_1_7' title="bbox 0 0 1677 5284">
     <span class='ocr_line' id='line_1_33' title="bbox 0 0 1677 5284; baseline 0 0"><span class='ocrx_word' id='word_1_292' title='bbox 0 0 1677 5284; x_wconf 95' lang='lat' dir='ltr'><em> </em></span> 
     </span>
    </p>
   </div>
  </div>
 </body>
</html>
