3274 5292
832 351 894 414 120

268 532 350 600 XIV
384 538 416 598 et
439 533 502 600 XV
529 533 642 617 [XVI]
667 537 809 616 recepta,
837 535 955 597 docent
978 536 1082 597 aetate
1104 533 1342 618 satiaremota,
1362 534 1463 599 idest

267 677 347 720 saec.
382 654 447 718 fere
473 655 551 732 VlI,
577 676 644 719 non
668 652 770 720 multo
789 657 959 740 postquam
981 655 1170 740 archetypus
1192 654 1368 720 Ouidianus
1387 679 1462 722 con-

266 777 368 841 fectus
391 777 451 859 sit,
476 776 632 840 exstitisse
655 776 795 840 codicem
819 776 986 860 quemdam
1011 777 1153 840 carmina
1173 775 1280 840 Ouidii
1293 778 1461 841 continen-

266 903 349 975 tem,
382 898 416 961 in
447 919 509 982 quo
534 897 611 962 haec
636 903 745 961 nostra
768 896 915 981 Sapphus
939 897 1073 981 epistula
1096 901 1132 961 ut
1156 899 1331 982 genuinum
1354 897 1460 962 Ouidii

268 1040 346 1103 opus
382 1018 549 1102 legeretur.
588 1019 640 1082 Ad
676 1019 801 1081 irritum
836 1019 935 1101 igitur
970 1018 1083 1082 cecidit
1117 1019 1257 1082 uirorum
1295 1020 1459 1084 doctorum

268 1141 523 1225 argumentatio,
555 1141 610 1225 qui
641 1162 679 1204 ex
711 1140 872 1218 codicum,
905 1162 983 1225 quos
1016 1140 1109 1204 hodie
1140 1141 1306 1219 nouimus,
1337 1142 1460 1206 ratione

267 1262 388 1328 efficere
418 1262 525 1330 conati
548 1267 623 1328 sunt
646 1262 788 1351 spurium
813 1284 879 1328 esse
900 1263 1085 1352 opusculum
1109 1266 1141 1332 et
1164 1263 1205 1330 ab
1229 1262 1344 1330 Ouidio
1368 1263 1458 1332 abiu-

269 1384 450 1451 dicandum.

315 1631 413 1719 Aliud
437 1635 541 1697 autem
566 1632 720 1697 indicium
740 1654 803 1716 quo
826 1633 954 1716 probari
977 1634 1084 1717 potest
1108 1631 1204 1696 fuisse
1228 1631 1373 1716 Sapphus
1397 1632 1462 1716 epi-

270 1754 387 1818 stulam
407 1755 603 1838 temporibus
621 1755 684 1818 iam
706 1755 845 1839 antiquis
863 1755 948 1819 inter
967 1754 1073 1820 Ouidii
1094 1755 1235 1820 carmina
1247 1755 1463 1841 circumlatam

271 1875 402 1958 praebet
436 1876 526 1940 nobis
557 1875 677 1940 Marius
700 1875 823 1940 Plotius
848 1876 907 1961 [M.
933 1875 1098 1960 Claudius]
1124 1876 1292 1959 Sacerdos,
1317 1877 1372 1960 qui
1396 1897 1464 1940 sae·

272 1997 344 2060 culo
377 1996 419 2060 rv
444 1997 569 2081 scripsit
593 1997 662 2082 (vr.
689 1999 766 2063 481.
789 1998 892 2084 nem:
917 1999 1000 2063 »raa
1023 1998 1136 2062 ursae
1160 1997 1380 2062 declinationis
1404 1998 1463 2062 aaa
1565 1981 1568 1988 '

273 2118 325 2182 uel
349 2121 396 2182 dis
420 2117 498 2182 facit
520 2119 687 2202 genetiuo,
711 2119 789 2184 haec
812 2119 939 2202 Atthis,
964 2120 1058 2184 huius
1082 2119 1209 2196 Atthis,
1230 2120 1281 2183 uel
1300 2118 1460 2183 Atthidis:

274 2239 318 2328 sic
332 2238 496 2306 Ouidius.”
512 2239 536 2324 1)
556 2239 676 2316 Quibus
688 2241 792 2305 uerbis
804 2242 881 2325 quin
895 2241 1068 2325 respexerit
1079 2241 1133 2306 ille
1145 2240 1264 2325 Sapph.
1278 2263 1327 2326 ep.
1340 2263 1388 2306 us.
1405 2241 1461 2307 18:

456 2360 531 2426 Non
556 2361 655 2426 oeulis
678 2365 771 2445 grata
794 2367 843 2426 est
866 2363 993 2440 Atthis,
1018 2365 1169 2440 utente,
1195 2363 1273 2427 meis

274 2483 354 2547 mihi
372 2483 499 2567 quidem
519 2483 650 2547 dubium
663 2505 729 2548 esse
740 2484 860 2568 nequit.
874 2484 1002 2548 Etenim
1015 2485 1099 2568 quod
1113 2483 1382 2550 aSchneidewino
1396 2483 1423 2570 l)
1436 2487 1466 2548 et

274 2605 483 2670 Lachmanno
497 2606 522 2691 3)
546 2644 586 2655 -
600 2606 716 2690 quibus
728 2629 830 2690 nuper
842 2629 874 2670 se
886 2607 1035 2672 adiunxit
1046 2581 1138 2672 Riese
1150 2610 1176 2693 ⁴)
1190 2644 1232 2656 —
1246 2608 1295 2671 est
1307 2607 1465 2671 obiectum

275 2748 426 2811 apparere
457 2749 495 2791 ex
526 2727 603 2812 ipsis
630 2728 831 2812 grammatici
855 2729 960 2792 uerbis
984 2729 1171 2813 epistulam,
1194 2751 1213 2792 a
1237 2729 1328 2792 nobis
1352 2731 1467 2793 tracta·

276 2850 361 2924 tam,
387 2848 526 2932 spuriam
550 2870 633 2926 esse,
658 2871 730 2914 eum
753 2850 809 2913 illo
835 2854 963 2914 auctore
986 2851 1021 2914 in
1045 2851 1184 2934 genuino
1209 2848 1316 2914 Ouidii
1340 2871 1467 2934 poema-

159 2975 164 2985 '
275 2969 321 3034 tio
353 2974 434 3034 esset
466 2970 601 3054 scriptus
634 2991 700 3034 non
732 2972 950 3038 nominatiuus
983 2973 1037 3037 sed
1067 2973 1234 3057 genetiuus
1258 2972 1403 3038 Atthidis
1428 3009 1467 3021 -
1547 3044 1550 3048 ,

275 3090 336 3153 hoc'
360 3091 467 3154 minus
499 3083 583 3155 recte
608 3113 640 3156 se
664 3091 780 3157 habere
804 3094 950 3158 arbitror.
975 3094 1059 3160 Nam
1083 3095 1118 3158 in
1142 3095 1200 3158 tali
1223 3117 1256 3159 re
1279 3095 1361 3158 nihil
1384 3094 1469 3158 aliud

277 3214 440 3298 spectabat
476 3214 595 3278 Marius
629 3214 753 3281 Plotius
784 3240 879 3300 quam
913 3220 950 3280 ut
979 3218 1135 3282 indicaret
1164 3216 1299 3280 formam
1332 3217 1469 3300 aliquam

277 3335 366 3400 citati
397 3336 544 3400 uocabuli
578 3339 663 3420 apud
695 3336 844 3402 Ouidium
875 3338 955 3423 legi;
989 3338 1070 3401 nihil
1100 3360 1176 3403 uero
1208 3337 1340 3402 curabat
1363 3340 1469 3401 utrum

276 3455 417 3541 positum
451 3460 531 3520 esset
564 3457 643 3521 illud
674 3479 748 3523 casu
779 3462 865 3522 recto
896 3481 938 3522 an
970 3459 1116 3542 obliquo:
1149 3459 1251 3523 ueluti
1280 3482 1311 3544 p.
1336 3459 1412 3524 476.
1439 3457 1467 3522 5.

277 3577 419 3660 scripsit:
445 3577 600 3642 »Maenas
623 3577 797 3656 Maenadis,
823 3579 867 3642 sic
891 3578 1048 3656 Persius’',
1074 3580 1130 3643 ubi
1154 3579 1285 3643 Moenus
1304 3600 1371 3643 non
1390 3579 1469 3662 legi·

277 3703 330 3763 tur
361 3698 425 3792 nisi
456 3699 652 3763 nominatiuo
686 3698 765 3784 (Sat.
797 3700 823 3763 l.
859 3701 921 3785 Ι101
954 3704 986 3765 et
1020 3701 1108 3785 105).
1141 3699 1191 3764 Sic
1216 3699 1340 3764 Probus
1363 3699 1469 3783 paullo

160 3834 163 3847 '
278 3823 352 3883 ante
383 3818 437 3884 IV.
464 3819 516 3884 28.
541 3820 600 3886 K.:
626 3842 739 3886 »sons
765 3867 862 3887 .....
890 3821 946 3884 tis
970 3821 1080 3886 faciet:
1105 3821 1233 3898 insons,
1258 3820 1470 3885 insontis:sic

278 3941 452 4008 Horatius”
466 3945 509 4029 ⁵);
539 3944 623 4027 apud
657 3942 827 4008 Horatium
860 3946 965 4008 autem
998 3948 1101 4009 insons
1121 3944 1319 4009 nominatiuo
1343 3947 1470 4008 tantum

314 4202 341 4267 1)
363 4223 387 4244 =
409 4201 501 4251 Probus
518 4201 604 4250 cathol.
624 4201 668 4250 IV.
687 4202 725 4251 30.
746 4203 776 4250 K.

313 4285 340 4349 2)
359 4285 423 4333 Mus.
444 4284 521 4333 Rhea.
540 4284 572 4333 N.
591 4285 614 4333 S.
634 4284 670 4333 11.
688 4300 712 4348 p.
731 4285 788 4334 144.

314 4368 340 4430 3)
360 4367 390 4414 In
408 4367 489 4415 Indice
507 4367 560 4415 lect.
580 4365 693 4415 Vniuers.
713 4367 792 4416 Berol.
811 4370 867 4416 aest.
886 4368 965 4426 1848,
983 4384 1006 4432 p.
1025 4370 1046 4418 3.

313 4449 341 4512 A)
360 4449 391 4496 In
407 4447 536 4498 Bursian’s
550 4445 734 4498 Jahrerberioht
750 4452 794 4498 cet.
814 4449 885 4504 1877.
904 4449 939 4508 11.
957 4465 981 4516 p.
999 4451 1039 4501 22.

316 4532 341 4595 t)
359 4531 423 4580 Mar.
442 4531 505 4581 Plot.
523 4533 574 4580 Suc.
594 4531 640 4582 VI.
657 4529 714 4585 479.
735 4533 764 4581 K.
