3274 5292
816 321 879 384 104

268 502 325 567 Vs.
340 505 414 570 173.
427 503 477 567 Vr
491 522 612 568 uouvir
625 523 687 567 cvu
703 523 783 566 voca
797 525 895 571 ianr.
910 525 971 568 seo
985 509 1044 570 oet.
1058 505 1099 571 cf.
1112 506 1189 571 Met.
1203 506 1277 571 XV.
1292 507 1358 572 663
1375 527 1437 591 sq.:

427 624 596 709 Extemplo
622 648 693 690 cum
719 648 797 692 0000
822 629 916 705 deus,
942 648 1014 691 oum
1039 649 1116 692 uoce
1141 629 1262 712 deoque

429 748 565 813 Somnus
589 749 658 813 abit
682 788 722 796 -

290 869 467 937 Productae
475 870 560 934 illius
569 872 645 935 abiit
652 870 791 953 syllabae
799 870 928 934 ultimae
935 871 1088 955 exempla,
1099 892 1179 955 qnae
1188 874 1264 935 sunt
1271 869 1439 956 permulta,

248 1015 287 1059 ex
306 992 398 1057 Ouid.
421 1014 516 1057 earm.
537 992 671 1058 collecta
692 993 765 1056 uide
787 993 871 1076 apud
890 992 1060 1070 Krusium,
1082 995 1121 1056 de
1137 991 1230 1056 Ouid.
1242 993 1309 1086 0110
1321 995 1353 1056 01
1364 1013 1440 1075 ope-

249 1115 354 1192 ribus,
387 1137 419 1198 p.
451 1116 504 1179 24.
538 1116 569 1180 4.
595 1113 636 1178 cf.
661 1114 772 1199 Haupt
795 1114 835 1180 ad
859 1114 934 1178 Met.
961 1114 987 1178 I.
1015 1114 1098 1193 114,
1123 1114 1198 1180 Luc.
1224 1114 1378 1192 Mueller,
1402 1115 1439 1179 de

251 1257 285 1300 re
309 1238 400 1299 metr.
426 1259 457 1320 p.
484 1234 559 1300 325.

294 1356 351 1424 Vs.
387 1356 566 1422 1741100
607 1377 771 1421 calvinus
803 1377 966 1420 cacanus
1001 1377 1206 1422 courruvrua
1240 1377 1364 1441 eausa,
1401 1355 1441 1421 cf.

251 1479 292 1546 Α.
315 1478 356 1545 Α.
380 1480 424 1546 II.
455 1481 514 1544 70:

478 1599 546 1666 Nec
569 1600 692 1684 patriae
715 1601 861 1666 lacrimas
885 1602 1070 1667 continuere
1092 1623 1204 1686 genae.

251 1725 400 1809 grauidae
428 1746 535 1807 peuce,
569 1724 647 1788 curli
674 1724 810 1788 lacrimis
838 1726 967 1810 prauidi
998 1724 1148 1789 dicuntur
1170 1729 1247 1790 noto
1272 1746 1359 1790 more
1382 1746 1444 1808 quo

254 1847 367 1930 poetae
391 1844 560 1929 grauidam
584 1849 701 1909 uocant
725 1845 875 1930 quicquid
899 1845 1056 1910 tumidum
1081 1849 1129 1911 est
1148 1849 1180 1910 01
1198 1846 1305 1930 011000
1322 1869 1356 1911 re
1376 1846 1444 1932 ple-

255 1991 332 2032 num
356 1968 540 2052 (Ruhnken.
564 1967 607 2030 ad
630 1966 662 2030 h.
686 1968 769 2050 us.);
793 1966 831 2031 of.
857 1967 972 2050 Heyne
996 1967 1036 2031 ad
1060 1965 1158 2051 Verg.
1184 1967 1299 2052 Georg.
1320 1966 1343 2030 Ι.
1361 1968 1444 2045 319,

257 2088 409 2152 Huebner
439 2089 473 2152 in
507 2089 641 2166 Hermo,
676 2087 762 2152 XIII.
798 2112 828 2172 p.
865 2090 939 2153 162.
969 2087 1020 2153 sie
1044 2091 1158 2154 tumidi
1181 2090 1264 2154 ocelli
1286 2086 1359 2152 Am.
1386 2087 1444 2153 ΙΙΙ.

259 2212 289 2275 6.
318 2211 370 2274 79.
397 2209 435 2273 10
457 2209 503 2274 H.
527 2213 614 2294 quod
637 2212 685 2274 est
708 2210 860 2295 scriptum
882 2205 1051 2295 prouida-e,
1075 2209 1237 2274 Baehrens
1260 2209 1282 2273 l.
1302 2209 1323 2276 1.
1348 2232 1380 2294 p.
1403 2208 1445 2272 62

257 2334 441 2416 comparato
473 2354 520 2396 us.
556 2333 596 2396 17
630 2330 796 2416 Peruigilii
827 2330 975 2396 Veneris:
1009 2333 1055 2397 Et
1082 2335 1197 2397 micant
1221 2334 1364 2397 lacrimae
1388 2345 1446 2396 tre·

258 2466 369 2518 mentes
393 2456 429 2518 de
453 2457 563 2518 caduco
583 2457 737 2540 pondere,
763 2457 800 2516 01
824 2453 925 2518 multo
948 2452 1089 2536 pulcrius
1115 2453 1276 2537 magisque
1296 2453 1446 2538 graphice

259 2576 378 2640 dictum
403 2577 614 2641 oonimendat.
636 2573 753 2638 Obstat
776 2576 883 2638 tamen
908 2574 1079 2659 quominus
1099 2575 1132 2638 id
1150 2575 1339 2660 recipiamus
1358 2574 1446 2640 locus

258 2698 293 2761 iu
318 2695 445 2762 Consul.
471 2697 510 2759 ad
534 2695 604 2759 Liu.
631 2693 694 2758 115
719 2717 785 2778 sq.:

350 2819 534 2903 Erumpunt
556 2819 733 2902 iterumque
756 2820 896 2900 granant
919 2818 1137 2902 gremiumque
1162 2817 1331 2901 sinusque,

395 2939 523 3004 Effusae
547 2939 689 3023 grauidis
713 2939 925 3023 uberibusque
950 2940 1050 3024 genis.

260 3065 346 3147 quod
370 3063 462 3126 ualde
486 3064 534 3125 est
557 3060 767 3125 dubitandum
791 3083 868 3124 num
892 3064 976 3125 recte
1000 3083 1018 3124 0
1039 3049 1232 3126 Baehrensio
1256 3061 1290 3145 (1.
1304 3059 1325 3124 l.
1338 3083 1369 3144 p.
1396 3060 1449 3138 62)

137 3238 138 3241 .
260 3185 302 3250 011
326 3189 483 3250 mutatum
511 3184 563 3248 in:

486 3306 613 3371 Effusae
637 3307 790 3391 grauibus
812 3305 1062 3390 funebribusque
1085 3307 1187 3390 genis.

308 3519 365 3584 Vs.
401 3520 476 3584 177.
513 3519 672 3596 Qvioovln
712 3541 804 3603 arur,
839 3539 958 3585 usurus
993 3540 1077 3591 orsu
1116 3539 1199 3584 0000
1243 3540 1327 3584 nair.
1368 3538 1451 3584 avae

264 3661 387 3706 svamo.
412 3645 557 3728 qllicquid
578 3645 655 3719 erit,
681 3644 892 3726 quodcunque
913 3641 1053 3718 eueniet,
1071 3645 1106 3705 ut
1119 3641 1195 3706 Her.
1210 3641 1316 3707 XVII.
1331 3640 1371 3705 51
1386 3662 1450 3724 sq.:

376 3763 531 3848 Quicquid
556 3765 633 3841 erit,
658 3765 779 3848 patiar:
805 3763 900 3827 liceat
923 3764 1017 3827 modo
1042 3784 1156 3847 eorpus
1180 3763 1214 3826 in
1239 3761 1349 3827 auras
1461 3805 1464 3812 ·

421 3884 562 3968 Tollere,
589 3886 674 3970 quod
697 3885 793 3950 dubia
822 3907 913 3969 saepe
936 3886 1088 3970 pependit
1111 3907 1201 3970 aqua.

265 4007 341 4072 Met.
366 4007 426 4072 XI.
453 4008 518 4070 442
543 4025 609 4090 sq.:
630 4010 811 4094 pariterque
826 4008 966 4093 feremus
994 4006 1146 4094 Quicquid
1168 4010 1246 4082 erit;
1266 4009 1454 4093 parituru-

261 4153 321 4218 per
351 4151 485 4216 aequora
516 4130 581 4193 luta
607 4130 759 4215 feremur.
793 4127 887 4212 Verg.
913 4128 994 4192 Aen.
1020 4128 1057 4193 V.
1086 4129 1168 4192 710:
1198 4128 1356 4213 Quidquid
1377 4129 1453 4203 erit,

266 4254 442 4338 superanda
465 4253 563 4315 omnia
583 4251 719 4336 fortuna
743 4251 869 4330 ferendo
893 4261 947 4312 eal.

312 4370 359 4434 Er
393 4391 459 4434 uas
492 4391 556 4434 nou
589 4389 723 4434 000000
756 4373 814 4434 001.
841 4369 901 4454 (us.
930 4369 1017 4454 178).
1052 4368 1099 4433 De
1122 4370 1155 4433 01
1179 4371 1224 4434 Er
1248 4366 1395 4434 uocabuli
1420 4368 1456 4431 in

267 4491 458 4579 pentametri
480 4491 573 4555 initio
598 4491 660 4555 uid.
685 4489 829 4567 Werfer,
854 4491 875 4555 1.
901 4491 921 4553 1.
950 4514 981 4575 p.
1008 4489 1083 4557 539.
