3324 5284
844 331 886 394 54

314 517 444 583 Rectius
475 517 608 582 fortasse
638 537 697 602 pro
727 517 813 582 nullu
835 516 905 580 loeo
929 515 1103 601 posteriore
1127 537 1200 580 eum
1223 516 1257 599 lg.
1283 539 1324 578 m.
1350 514 1460 580 soribi-

270 662 340 704 mus
364 641 428 704 ulla
452 642 484 703 et
506 638 767 722 interrogationis
791 638 883 722 signo
906 638 942 701 in
966 636 1031 701 fine
1053 635 1158 721 pesilo
1183 636 1336 720 legimus:

404 761 438 827 Si
464 799 503 810 -
529 760 629 826 Nulla
651 760 760 824 futura
782 764 839 824 tua
863 763 927 843 esi,
953 759 1019 825 ulla
1041 759 1150 824 futura
1172 763 1228 824 lua
1252 763 1320 826 est?

313 883 365 950 Sio
389 884 474 948 enim
492 905 602 948 sensus
623 883 787 967 aliquanto
801 886 891 970 ¹cerie
902 883 941 947 fil
952 882 1063 946 melior
1075 888 1107 947 el
1116 886 1350 967 pentametrum
1362 884 1460 949 habe-

267 1027 338 1069 mus
355 1005 437 1070 mori
455 1004 561 1070 Ouidii
581 1008 847 1083 consentaneum,
869 1005 924 1088 qui
943 1005 1126 1089 saepissime
1147 1007 1314 1088 utramque
1326 1005 1393 1070 eius
1412 1027 1460 1070 us.

267 1130 391 1211 perlem
423 1128 573 1206 eandem,
604 1149 670 1192 uno
693 1131 802 1192 lamen
824 1127 935 1212 ulique
959 1126 1114 1192 uocabulo
1139 1125 1289 1190 distincto
1313 1126 1460 1205 finxerit,

269 1248 357 1313 auius
381 1249 426 1313 rei
448 1249 592 1334 exempla
616 1248 786 1332 diligenter
806 1248 936 1333 collegii
953 1246 1181 1332 Esohenburg,
1203 1248 1367 1314 Metrische
1395 1247 1461 1313 Un-

270 1372 397 1437 tersaeh.
421 1375 472 1437 eei
496 1391 570 1456 pag.
597 1372 640 1436 24
665 1392 712 1454 sq.

203 1673 205 1678 .
271 1699 275 1705 Δ
313 1605 354 1681 In
383 1615 440 1682 Vs.
472 1616 513 1680 41
546 1614 595 1679 Ar
628 1635 695 1678 uss
719 1635 782 1679 ovu
808 1634 974 1692 uaesana,
1000 1635 1099 1678 arram
1125 1626 1460 1693 roanosn'vmueaa,

269 1735 1460 1823 mmmmmmmmwm-fflwmfflm

269 1883 336 1925 area
367 1861 522 1944 praebent
544 1883 591 1924 me
617 1898 656 1908 -
679 1861 852 1944 praeeunte
875 1857 1105 1923 Medenbaohio
1130 1856 1334 1944 wakker01)
1357 1856 1462 1922 Baeh-

267 2003 341 2046 rens
375 1982 396 2045 l.
413 1981 432 2045 l.
469 2002 541 2066 pag.
581 1981 621 2046 57
655 1980 775 2064 optime
805 1979 920 2044 statuit
948 1980 1051 2045 inesse
1084 1979 1198 2043 uilium
1222 1979 1462 2064 grauissimum:

270 2101 442 2187 permirum
456 2103 540 2166 enim
563 2123 630 2166 esse
652 2105 688 2165 ul
711 2101 835 2165 dioalur
855 2100 980 2165 Phaoni
992 2101 1133 2165 earmina
1145 2099 1292 2184 Sapphus
1304 2100 1424 2185 legenli
1437 2099 1463 2186 ⁹)

269 2225 371 2314 ipsam
391 2225 529 2309 puellam
540 2224 640 2288 uisam
654 2246 720 2288 esse
731 2223 892 2309 pulcram3
906 2246 991 2301 nam,
1004 2226 1040 2288 ui
1051 2224 1096 2288 ait
1107 2223 1279 2302 Baehrens,
1292 2227 1464 2307 quandum-

270 2347 349 2411 libet
379 2347 489 2432 pulora
520 2348 597 2410 sunt
627 2347 785 2424 earmina,
817 2345 927 2410 foedae
949 2367 1006 2430 per
1028 2367 1061 2410 se
1084 2345 1177 2412 faciei
1199 2345 1281 2409 nihil
1304 2345 1360 2409 illa
1382 2345 1465 2409 leota

271 2467 415 2533 adiciunt
444 2468 583 2544 deooris3
617 2490 676 2532 neo
708 2467 841 2532 Maximi
872 2467 960 2552 Tyrii
989 2467 1077 2532 loeus
1101 2468 1135 2553 (l.
1162 2489 1257 2551 supra
1280 2466 1349 2552 all.)
1374 2466 1463 2551 quio-

272 2611 367 2673 quam
400 2589 440 2653 ad
471 2589 553 2655 hano
583 2588 711 2673 quidem
743 2611 809 2652 rem
839 2589 927 2654 facil.
961 2589 1084 2654 Deinde
1115 2611 1189 2654 uero
1219 2605 1327 2654 uersus
1359 2589 1469 2652 minor.

270 2732 336 2774 non
368 2732 486 2775 nouam
516 2710 613 2776 infert
645 2711 836 2776 senientiam
868 2713 917 2798 (ul
950 2711 1132 2796 Lennepius
1155 2712 1275 2790 uoluit,
1299 2713 1343 2777 sio
1367 2712 1464 2776 disse-

270 2855 343 2897 rens
369 2854 456 2897 anon
480 2833 585 2896 minus
605 2854 782 2898 sermonem
796 2856 888 2897 suum
909 2834 1050 2899 audienti
1069 2857 1164 2920 quam
1185 2834 1326 2899 earmina
1345 2833 1466 2918 legenti

271 2954 424 3039 placuisse
443 2954 568 3018 Phaoni
588 2976 620 3018 se
643 2954 779 3020 affirmat
803 2954 978 3040 Sappho'’),
1005 2959 1060 3022 sed
1083 2957 1256 3021 arolissime
1275 2978 1347 3020 aum
1368 2955 1464 3019 hexa-

271 3078 373 3140 melro
404 3076 575 3142 cohaerens
607 3076 701 3140 huius
734 3078 925 3142 senientiam
957 3078 1148 3163 amplificat,
1180 3080 1217 3141 ut
1246 3078 1315 3163 ipsa
1339 3077 1467 3142 distichi

272 3200 430 3263 structura
462 3200 568 3282 dooet3
593 3199 735 3264 ostendii
755 3203 788 3263 ei
810 3221 873 3264 uox
902 3200 1070 3265 »iurabas''
1095 3224 1160 3265 una
1184 3199 1280 3265 luisse
1303 3199 1467 3264 Phaonem

273 3341 345 3384 eum
369 3319 517 3405 Sappho,
538 3325 570 3385 et
589 3321 669 3386 illud
694 3321 824 3408 oloqui'
845 3322 930 3387 hano
949 3322 1141 3408 praelegisse
1158 3323 1294 3388 amatori
1313 3323 1465 3388 audiendi.

273 3441 363 3506 Inter
386 3442 633 3527 praelegendum
658 3448 765 3509 autem
788 3467 859 3509 eum
879 3443 954 3529 ipse
967 3445 1056 3509 furor
1074 3446 1220 3531 pulcrum
1239 3447 1347 3531 ignem
1368 3444 1466 3512 oeulis

275 3562 442 3648 uultuique
465 3564 590 3649 puellae
612 3567 785 3632 inslinelae
809 3567 1013 3652 adfundere,
1040 3569 1147 3652 poluit
1169 3591 1246 3634 sane
1269 3569 1364 3633 eliam
1386 3588 1467 3652 quae

276 3684 426 3750 deformis
451 3690 519 3750 ersi
542 3687 644 3752 uideri
666 3687 816 3754 formosa.

318 3807 505 3872 Rectissime
535 3808 634 3892 igilur
666 3831 737 3874 oum
763 3811 878 3875 uiderit
902 3812 1101 3878 Medenbaoh
1126 3812 1271 3877 Waklrer
1291 3813 1467 3877 tollendum

275 3953 341 3996 esse
365 3930 480 3995 uitium
504 3929 671 3996 scribendo
696 3935 822 4018 legerem
845 3955 903 4018 pro
927 3936 1053 4019 lepores,
1078 3934 1146 3999 iure
1169 3938 1276 3999 lamen
1300 3957 1319 3998 a
1342 3935 1467 3999 henne-

275 4053 328 4138 pio
361 4053 390 4117 ei
420 4054 469 4117 esi
491 4051 650 4118 obieolum
673 4053 797 4118 hiatum
821 4055 865 4121 sie
889 4055 969 4121 effiei
991 4057 1024 4121 in
1049 4077 1143 4121 uersu
1167 4077 1233 4120 non
1256 4056 1467 4122 tolerandum.

278 4175 381 4251 Quare
405 4174 507 4240 mullo
532 4174 643 4240 melius
667 4179 715 4241 esi
739 4178 824 4262 quod
848 4179 1014 4263 proposuit
1037 4177 1218 4243 Baehrens:

310 4385 338 4450 1)
355 4387 474 4438 Amoenit.
492 4387 567 4439 litter.
585 4405 605 4438 o.
625 4390 699 4440 XIII.
716 4407 739 4456 p.
759 4391 815 4440 115.

308 4469 333 4529 2)
351 4469 417 4518 Illud
442 4473 527 4536 lepores
552 4471 680 4538 explicasse
704 4487 748 4538 par
773 4473 870 4538 eliperee
896 4474 955 4522 Bad.
978 4474 1116 4524 Amsnsium
1139 4475 1189 4524 sine
1211 4475 1261 4526 risu
1282 4475 1324 4525 uix
1346 4489 1469 4540 possumus
