3274 5292
750 407 813 471 129

198 587 409 672 genetiuum,
443 592 584 655 nostram
620 590 720 674 igitur
754 591 794 654 ab
830 590 892 654 alio
929 591 1066 674 quodam
1102 612 1168 654 esse
1203 589 1388 656 confectam.

244 709 353 775 Vnum
376 732 451 775 uero
474 715 574 776 restat
600 710 810 775 Scheidewini
834 713 1079 795 argumentum,
1103 711 1174 794 ipso
1199 711 1302 775 iudice
1327 712 1391 774 iam

190 853 255 922 per
290 853 323 895 se
344 831 420 895 satis
443 831 569 894 firmum
594 833 631 894 ut
654 831 822 914 epistulam
848 832 887 895 ab
913 830 1028 896 Ouidio
1052 832 1296 895 abiudicandam
1325 853 1390 895 esse

199 955 364 1029 ostendat,
388 952 507 1016 scilicet
531 974 597 1016 non
622 973 797 1036 congruere
818 953 902 1017 inter
925 975 992 1017 sese
1015 951 1133 1036 Sapph.
1159 973 1209 1035 ep.
1234 974 1279 1018 us.
1308 952 1391 1016 181:

291 1073 371 1138 Inde
394 1073 509 1156 chelyn
532 1073 679 1150 Phoebo,
704 1074 884 1138 communia
908 1095 1057 1150 munera,
1085 1093 1202 1156 ponam
1229 1109 1269 1120 —

199 1196 231 1258 et
255 1196 291 1258 ea
314 1215 395 1278 quae
418 1193 535 1258 dixerit
558 1192 691 1258 Ouidius
716 1194 791 1258 Am.
815 1193 858 1260 II.
888 1195 937 1259 18.
966 1195 1026 1259 34:

379 1315 444 1379 Det
466 1318 575 1379 uotam
597 1315 726 1380 Phoebo
751 1315 860 1380 Lesbis
885 1319 990 1379 111111
1015 1317 1118 1400 lyram
1145 1355 1184 1366 -

244 1434 339 1500 Vnde
361 1435 475 1499 statuit
497 1435 557 1500 Vir
580 1434 661 1500 (llar.
690 1436 875 1520 scriptorem
900 1436 1046 1521 Sapphus
1069 1437 1222 1522 epistulae
1241 1437 1331 1500 illum
1353 1459 1392 1501 ex

197 1554 371 1622 Amoribus
393 1555 499 1621 locum
524 1579 590 1622 non
612 1557 807 1623 intellexisse
831 1580 929 1643 eoque
953 1580 1050 1643 praue
1075 1580 1141 1622 esse
1164 1581 1264 1622 usum.
1305 1557 1392 1632 Quae

197 1701 247 1742 res
271 1700 343 1743 cum
366 1678 468 1763 primo
491 1682 620 1764 aspectu
644 1679 863 1744 difficultatem
883 1681 1028 1744 uideatur
1051 1679 1298 1764 praeberehaud
1314 1701 1392 1744 con·

198 1802 420 1878 temnendam,
440 1801 617 1866 accuratius
642 1802 752 1886 paullo
776 1805 823 1865 est
846 1802 1081 1897 pertractanda.

683 2181 827 2248 OAPVT
851 2181 909 2246 ΙΙΙ.

245 2365 284 2460 ru
307 2351 470 2450 elegra'ad
495 2366 638 2430 Macrum
663 2367 759 2430 msa
785 2403 825 2414 .-
850 2363 924 2429 Am.
951 2365 994 2429 11.
1011 2366 1232 2430 11-11111
1250 2366 1392 2450 Ouidius,

199 2486 275 2549 dum
298 2486 406 2550 Macer
429 2487 524 2571 epicis
548 2487 727 2572 pangendis
751 2486 945 2551 carminibus
969 2486 1023 2550 det
1046 2507 1193 2570 operam,
1218 2509 1251 2551 se
1274 2488 1394 2552 leuiora

199 2611 337 2671 tractare
361 2611 569 2692 argumenta,
583 2612 628 2677 ,11
650 2631 669 2672 1
690 2607 785 2672 nimis
797 2607 926 2671 elata'et
938 2609 1059 2691 grande
1072 2609 1201 2671 sonanti
1213 2609 1395 2691 tragoediae

202 2727 295 2792 Musa
328 2750 361 2793 11
393 2729 456 2793 iam
486 2730 679 2794 conuertisse
703 2733 743 2793 ad
767 2729 949 2794 scribendas
973 2729 1116 2793 Amandi
1138 2727 1235 2793 Artes
1260 2726 1292 2793 11
1314 2728 1394 2813 Epi-

203 2848 320 2913 stolas:

294 2969 385 3044 Quod
407 2971 499 3049 11111,
523 2977 578 3036 aut
601 2975 685 3037 artes
707 2973 809 3036 teneri
832 2971 1019 3056 profitemur
1042 2972 1172 3038 Amoris
1182 3019 1305 3050 ......

339 3091 379 3156 Eli
401 3093 499 3171 mihi,
523 3095 700 3179 praeceptis
723 3115 838 3178 urgeor
861 3091 940 3178 ipse‘
953 3094 1048 3158 meis!
1062 3142 1163 3160 .....

295 3212 365 3278 Aut
386 3217 471 3298 quod
495 3215 668 3299 Penelopes
692 3215 797 3291 uerbis
821 3215 972 3279 reddatur
997 3215 1100 3288 Ulixi,

345 3335 518 3402 Scribimus
542 3342 573 3401 et
596 3337 759 3413 lacrimas,
783 3335 892 3420 Phylli
915 3335 1045 3411 relicta,
1069 3339 1159 3400 tuas:

298 3455 389 3532 Quod
412 3457 502 3522 Paris
525 3462 557 3523 et
576 3457 741 3522 Macareus
765 3462 797 3521 11
820 3457 905 3541 quod
930 3456 1011 3520 male
1035 3459 1146 3540 gratus
1171 3455 1242 3520 Iaso

340 3580 573 3665 Hippolytique
596 3602 711 3664 parens
735 3578 996 3663 Hippolytusque
1019 3577 1151 3661 legant,

295 3699 448 3786 Quodque
471 3704 584 3766 tenens
605 3701 750 3779 strictum
775 3700 859 3764 Dido
883 3699 1071 3763 miserabilis
1091 3721 1198 3763 ensem

340 3823 451 3900 Dicat,
477 3825 510 3886 11
531 3823 662 3887 Aeoliae
687 3821 798 3886 Lesbis
826 3823 928 3884 amica
951 3821 1051 3903 lyrae.

249 3943 299 4008 Ita
328 3943 478 4008 indicatis
508 3941 684 4007 Heroidum
713 3941 874 4026 epistulis,
907 3962 986 4024 quas
1015 3941 1084 4025 ipse
1111 3941 1289 4026 scripserit,
1315 3940 1393 4005 Oui-

203 4067 274 4131 dius
304 4066 368 4129 iam
400 4067 565 4129 enumerat
594 4063 746 4147 epistulas
771 4084 850 4147 quas
874 4062 1089 4146 responsorias
1114 4062 1155 4125 ad
1178 4062 1321 4145 singulas
1346 4082 1398 4125 re-

203 4187 364 4272 scripserit
387 4186 525 4271 aequalis
549 4189 582 4250 et
605 4185 723 4249 amicus
750 4185 790 4250 A.
818 4182 956 4248 Sabinus
971 4180 1019 4270 ¹):

211 4303 420 4317 b—-.-—-—-

241 4366 267 4428 1)
286 4366 322 4414 Cl.
349 4366 378 4414 de
402 4381 429 4413 eo
455 4379 484 4412 ex
508 4363 582 4411 Pont.
604 4361 648 4410 lv.
668 4360 707 4408 lo.
726 4360 757 4408 13
775 4374 824 4424 sqq.
844 4359 863 4407 I.
884 4359 909 4407 Ο.
929 4355 1408 4422 11111,(110111111111.811)1111[11-

203 4447 275 4497 111111
299 4450 343 4496 cet.
367 4448 403 4494 Dc
423 4445 500 4494 tribua
516 4442 624 4508 epistulis
640 4441 682 4490 suh
704 4441 771 4490 illins
789 4441 885 4491 nominc
902 4441 986 4488 Ouidii
1004 4439 1111 4504 epistulis
1136 4437 1233 4486 adiectis
1243 4438 1337 4487 111110.
1347 4438 1405 4487 Iah-

204 4529 274 4578 11111
297 4529 324 4578 in
349 4527 462 4578 Zcitrchr.
484 4527 536 4592 scir
561 4522 600 4573 dic
616 4523 826 4572 Altcrthumccisr.
854 4521 926 4574 1837.
945 4521 983 4571 n0.
1001 4520 1039 4574 77.
1060 4537 1082 4585 p.
1102 4520 1158 4570 631.
1177 4520 1204 4568 0.
1223 4521 1248 4570 11.
1267 4520 1406 4570 Gla-ererum

204 4611 233 4660 in
252 4611 317 4660 Mus.
335 4611 410 4660 Rhen.
431 4611 464 4659 N.
481 4610 504 4658 S.
524 4607 544 4656 I.
563 4622 586 4671 p.
605 4604 747 4657 437-442.

1289 4704 1303 4750 9
