3274 5292
865 413 906 477 88

333 594 390 662 Vs.
418 595 492 661 137.
516 593 632 658 Annae
655 613 827 665 unuvsovu
850 596 909 658 eat.
933 594 974 661 cf.
999 595 1038 659 A.
1060 594 1100 658 A.
1121 593 1164 660 Il.
1187 596 1272 663 623:
1295 596 1336 660 Iu
1354 619 1476 662 minore

289 729 380 803 atquc
403 719 504 782 catria
518 764 526 781 .
540 764 547 780 .
563 719 687 809 ,iuncta
710 718 864 804 uoluptas.

288 856 441 909 rumorum
480 856 588 902 uauvs
626 857 794 910 serasera
830 855 984 902 paosruu:
1018 835 1159 902 Consors
1182 837 1273 926 leet:
1309 837 1361 905 Sic
1391 839 1475 904 inter

290 958 407 1024 amoris
429 959 567 1023 remedia
590 957 722 1022 Ouidius
744 957 901 1043 praecipit
923 956 1012 1024 Rem.
1039 958 1103 1024 725
1127 980 1193 1043 sq.:

444 1080 488 1145 Et
510 1081 580 1145 loca
604 1084 692 1144 muta
715 1082 841 1145 nocent.
866 1079 971 1165 fugito
993 1080 1064 1144 loea
1087 1081 1214 1145 eonscia
1236 1082 1334 1145 uestri

492 1201 703 1266 Concubitus:
731 1223 840 1266 causas
863 1201 920 1265 illa
944 1201 1061 1266 doloris
1085 1201 1215 1267 habent.

334 1321 387 1388 Vs.
421 1321 597 1387 137-150
630 1324 797 1405 tantopere
828 1322 1024 1387 conueniunt
1045 1344 1117 1387 eum
1142 1323 1239 1387 simili
1263 1324 1475 1409 descriptione

288 1443 364 1511 Her.
389 1445 431 1511 X.
457 1442 608 1522 43-56,
632 1447 669 1508 ut
691 1447 796 1508 totum
816 1443 908 1508 illum
932 1443 1038 1508 loeum
1063 1445 1115 1509 hie
1139 1444 1316 1510 adscribere
1339 1445 1451 1510 liceat:

426 1564 555 1650 Iamque
578 1565 678 1630 oeulis
702 1569 826 1650 ereptus
851 1587 931 1630 eras.
954 1564 1045 1630 Tunc
1069 1565 1206 1650 denique
1230 1565 1323 1632 fleuit

468 1686 669 1772 Torpuerant
693 1686 803 1751 molles
827 1689 904 1750 ante
928 1686 1035 1751 dolore
1058 1707 1170 1770 genae.

425 1806 506 1884 Quid
529 1808 636 1892 potius
658 1807 816 1892 facerent,
841 1829 937 1893 quam
960 1810 993 1872 te
1016 1829 1086 1872 mea
1109 1808 1231 1872 lumina
1258 1808 1388 1887 flerent,

469 1928 643 2012 Postquam
666 1928 824 1993 desierant
845 1929 916 1993 uela
941 1929 1048 1993 uidere
1072 1931 1153 1993 tua?

425 2048 494 2114 Aut
516 2071 575 2135 ego
598 2050 720 2114 diffusis
743 2050 848 2114 erraui
870 2051 938 2114 sola
960 2050 1100 2134 capillis,

471 2170 580 2246 Qualis
603 2172 644 2235 ab
667 2170 793 2257 Ogygio
817 2173 942 2237 concito
966 2170 1093 2236 Baccha
1117 2172 1193 2236 deo:

425 2290 494 2356 Aut
515 2314 602 2356 mare
624 2292 820 2378 prospiciens
842 2293 877 2356 in
901 2313 978 2356 saxo
1001 2291 1120 2376 frigida
1143 2293 1228 2370 sedi,

471 2412 635 2499 Quamque
657 2414 738 2498 lapis
761 2414 866 2492 sedes,
889 2418 955 2478 tam
978 2414 1059 2498 lapis
1080 2414 1150 2499 ipsa
1173 2413 1228 2478 fui.

425 2534 525 2621 Saepe
548 2539 653 2600 torum
676 2538 802 2618 repeto,
828 2533 883 2618 qui
906 2555 965 2599 nos
989 2537 1154 2619 acceperat
1177 2535 1303 2613 ambos,
1333 2600 1335 2604 ,

471 2654 532 2721 Sed
556 2677 622 2721 non
647 2659 791 2741 acceptos
815 2655 1013 2720 exhibiturus
1037 2659 1124 2734 erat,

426 2776 470 2842 Et
492 2779 564 2855 tua,
589 2798 652 2860 qua
674 2797 820 2860 possum,
844 2797 902 2859 pro
926 2778 959 2839 te
982 2776 1117 2860 uestigia
1140 2777 1257 2860 tango,

470 2897 639 2982 Strataque
662 2918 742 2981 quae
765 2895 914 2960 membris
937 2896 1103 2981 intepuere
1127 2897 1203 2960 tuis.

426 3018 600 3097 Ineumbo,
621 3017 822 3103 lacrimisque
844 3021 915 3082 toro
939 3021 1090 3082 manante
1113 3017 1253 3103 profusis

471 3140 666 3208 ‘Pressimus’
690 3141 831 3205 exclamo
859 3142 899 3203 ‘te
922 3140 992 3204 duo.
1018 3140 1113 3205 redde
1137 3143 1216 3204 duos
1241 3177 1282 3188 -

334 3386 387 3452 Vs.
415 3386 489 3450 139.
512 3383 612 3448 Iuavc
634 3403 751 3447 nausis
773 3402 868 3448 INOPS
892 3384 963 3461 eet,
989 3382 1027 3447 ef.
1053 3381 1139 3446 Fast.
1163 3381 1221 3448 IV.
1247 3381 1316 3448 457
1340 3403 1407 3468 sq.:

470 3505 589 3570 Mentis
610 3505 704 3590 inops
727 3505 867 3588 rapitur,
891 3505 1000 3588 quales
1024 3504 1132 3568 audire
1148 3504 1292 3569 solemus

516 3626 676 3692 Threicias
699 3625 776 3690 fusis
799 3624 972 3690 Maenadas
994 3626 1040 3690 ire
1065 3626 1173 3691 comis.

289 3749 329 3816 cf.
354 3747 395 3814 A.
418 3747 458 3815 A.
484 3749 511 3813 Ι.
536 3747 619 3824 465;
645 3748 707 3812 ΙΙΙ.
735 3748 819 3830 684,
843 3748 903 3811 cet.

335 3870 383 3935 De
412 3895 427 3931 >
429 3869 548 3956 furiali
579 3868 748 3934 Eiectum
779 3867 852 3931 uide
869 3889 952 3951 quae
976 3869 1175 3953 disputamus
1197 3869 1232 3932 in
1256 3866 1476 3953 disquisitione

290 3992 360 4058 orit.
387 4012 454 4076 eap.
481 3987 543 4054 IV.

334 4112 390 4179 Vs.
417 4113 479 4176 140
516 4132 587 4175 oum
624 4110 796 4174 editoribus
830 4110 990 4195 plerisque
1012 4111 1186 4194 recepimus
1218 4108 1366 4198 Impulit,
1392 4111 1478 4195 quod

290 4233 467 4300 defendunt
498 4232 688 4316 comparatis
721 4230 793 4298 Am.
818 4231 842 4296 Ι.
874 4233 905 4298 9.
939 4232 1001 4309 43,
1030 4254 1068 4296 ex
1100 4231 1194 4296 Pont.
1219 4231 1261 4296 Π.
1289 4233 1318 4296 3.
1345 4231 1387 4295 73
1410 4253 1478 4315 sq.,

290 4354 363 4421 Val.
387 4354 491 4419 Flace.
515 4351 574 4418 IV.
601 4354 660 4431 33,
686 4352 721 4419 V.
748 4354 809 4432 42,
833 4356 892 4418 eet.
919 4352 979 4418 Sed
1004 4375 1075 4418 cum
1098 4375 1211 4437 parum
1234 4353 1268 4417 id
1288 4352 1405 4416 habeat
1425 4371 1478 4416 eo-

290 4475 395 4541 dicum
420 4475 635 4554 auctoritatis,
659 4475 801 4559 impense
821 4475 927 4560 placet
946 4474 1124 4539 emendatio
1142 4474 1267 4539 Heinsii
1288 4473 1479 4558 scripturam

288 4597 509 4684 plerorumque
539 4595 629 4662 MSS.
663 4594 782 4661 Attulit
812 4595 967 4660 mutantis
990 4595 1024 4659 in
1048 4594 1204 4676 Abstulit,
1228 4597 1313 4680 quod
1336 4595 1478 4660 uocabu-
