3274 5292
832 381 874 443 74

300 559 433 624 Versum
466 557 508 622 85
537 556 775 639 σπονδειάζοντα
808 559 949 624 collectis
980 581 1018 624 ex
1050 560 1142 626 Ouid.
1168 583 1266 627 carm.
1292 563 1443 648 exemplis

252 676 409 744 similibus
432 680 545 742 contre
568 677 735 745 Lehrsium
760 681 916 766 (Prooem.
941 681 976 745 in
1001 681 1116 748 Horat.
1143 706 1175 766 p.
1201 686 1279 770 239)
1304 684 1447 751 defendit

251 797 479 882 Esohenburg‚
503 798 598 865 Matr.
632 800 811 867 Uetereacb.
838 807 897 867 cet.
922 826 953 888 p.
981 802 1035 865 21.

296 918 463 984 Ansrvur
495 920 555 1005 (us.
583 919 658 1007 86),
683 925 721 986 ut
745 922 821 987 Her.
846 923 904 988 VI.
933 924 1016 988 131:
1041 945 1059 987 o
1084 924 1231 1002 demens,
1258 923 1446 1014 Colchisque

250 1039 356 1104 ablate
378 1041 526 1117 uenenis;
561 1042 637 1107 Her.
661 1042 749 1110 XII.
766 1042 823 1108 36:
850 1043 1057 1107 Abstulerant
1080 1042 1164 1109 oculi
1188 1044 1311 1109 lumine
1335 1050 1446 1112 nostra

250 1161 316 1238 tui3
337 1161 377 1228 of.
398 1161 488 1228 Rem.
512 1164 594 1228 343:
614 1161 794 1226 Auferimur
812 1162 901 1226 cultu
916 1212 923 1228 .
938 1210 945 1226 .
961 1211 969 1228 .
983 1211 991 1225 .
1006 1213 1013 1228 .
1026 1163 1090 1226 uid.
1111 1163 1222 1227 Heins.
1244 1165 1284 1228 ad
1305 1187 1356 1234 us.
1368 1167 1442 1232 140.

297 1303 374 1348 esur
389 1305 468 1357 avos
482 1303 661 1349 erasures
675 1304 794 1348 porssr
814 1285 991 1369 explicetur
1001 1285 1071 1350 loco
1084 1285 1119 1350 in
1130 1284 1208 1350 Met.
1222 1285 1274 1370 (X.
1290 1283 1334 1349 83
1346 1285 1441 1371 sqq.):

387 1406 446 1471 Ille
470 1406 565 1470 etiam
589 1405 748 1471 Threcum
772 1407 898 1494 populis
917 1407 981 1473 fuit
1004 1410 1115 1472 auctor
1139 1428 1277 1471 amorem

387 1530 427 1595 In
450 1531 576 1594 teneros
600 1529 772 1596 transferre
797 1552 920 1610 mares,
945 1530 1088 1614 citraque
1110 1529 1275 1594 iuuentem

386 1651 510 1740 Aetatis
533 1651 628 1717 breue
652 1673 709 1716 uer
733 1655 765 1716 et
788 1653 909 1736 primos
932 1673 1061 1736 carpere
1083 1650 1187 1715 flores.
1276 1699 1277 1703 ,
1306 1716 1307 1719 ,

263 1955 266 1961 -
296 1903 368 1977 Vss.
393 1911 536 1975 87-92.
567 1906 685 1974 Similis
709 1910 807 1973 trium
830 1909 957 1974 illarum
978 1909 1106 1972 dearum
1118 1906 1266 1984 Veneris,
1280 1905 1445 1982 Aurorae,

251 2033 361 2099 Lunae
385 2032 580 2098 enumeratio
603 2033 638 2096 in
661 2054 696 2097 re
719 2031 873 2096 amatoria
895 2029 1013 2114 legitur
1036 2028 1075 2094 A.
1089 2028 1129 2093 A.
1154 2027 1216 2092 ΙΙΙ.
1241 2029 1285 2093 83
1310 2049 1398 2112 sqq:

388 2153 531 2219 Latmius
553 2152 738 2238 Endymion
761 2174 827 2216 non
852 2150 1001 2229 esttibi,
1025 2149 1133 2228 Luna,
1158 2149 1286 2227 rubori,

432 2275 500 2341 Neo
523 2273 682 2362 Cephalus
705 2295 812 2338 roseae
834 2275 951 2360 praeda
973 2273 1123 2358 pudenda
1146 2272 1231 2337 deae.

387 2395 434 2462 Ut
457 2397 592 2474 Veneri,
617 2418 711 2482 quem
736 2397 826 2482 luget
847 2395 970 2474 adhue,
994 2394 1131 2459 donetur
1152 2393 1277 2458 Adonis
1303 2431 1342 2442 -

297 2519 356 2586 Vs.
380 2521 433 2585 87.
459 2540 500 2583 us
526 2539 587 2583 pso
611 2516 767 2584 Capussa
793 2517 1122 2598 neocaesaraea.
1146 2516 1185 2581 cl.
1210 2515 1286 2580 Her.
1308 2514 1364 2581 IV.
1380 2515 1444 2580 95:

297 2641 365 2707 Nee
392 2645 498 2706 tamen
522 2640 665 2706 Aurorae
688 2641 771 2705 male
793 2662 826 2706 ee
849 2641 1022 2726 praebebat
1045 2641 1217 2703 amandum
1243 2635 1444 2723 [Cephalus].

253 2763 293 2827 cf.
318 2762 394 2827 Met.
420 2763 494 2828 VII.
521 2763 586 2827 704
610 2784 679 2847 sqq.

297 2882 344 2947 Er
369 2903 523 2962 recense,
550 2904 609 2947 seo
635 2904 674 2947 ru
686 2932 766 2948 .....
782 2884 842 2968 (us.
857 2885 914 2969 88)
927 2882 1046 2947 dictum
1059 2884 1155 2946 estut
1178 2902 1204 2944 e.
1219 2901 1249 2964 g.
1265 2879 1342 2944 Met.
1365 2877 1442 2945 VII.

255 3005 446 3068 144-146:
473 3004 523 3068 Tu
545 3026 671 3088 quoque
695 3005 848 3070 uictorem
872 3004 1055 3088 complecti,
1082 3003 1235 3080 barbara,
1259 3001 1373 3080 uelles3

470 3124 532 3190 Sed
555 3129 603 3203 te,
627 3147 668 3189 ne
690 3126 828 3204 faceres,
852 3126 957 3190 tenuit
980 3126 1158 3190 reuerentia
1181 3125 1293 3191 famae.

252 3245 327 3311 Her.
354 3246 415 3311 XI.
443 3247 496 3311 31.
521 3246 598 3313 Met.
623 3245 696 3313 XV.
722 3248 803 3325 4913
831 3247 870 3312 of.
895 3251 926 3312 et
949 3247 1065 3312 Tibull.
1091 3245 1115 3310 I.
1141 3247 1171 3310 8.
1197 3246 1329 3331 21sq.÷

434 3365 556 3432 Cantus
581 3371 652 3432 ete
676 3389 769 3433 curru
791 3366 917 3432 Lunam
941 3368 1093 3433 deducere
1117 3369 1242 3450 tentat,

477 3487 521 3552 Et
543 3489 678 3568 faceret,
702 3490 728 3553 si
748 3511 814 3555 non
839 3512 910 3554 aera
932 3489 1059 3574 repulsa
1081 3492 1205 3553 sonent.

299 3629 401 3674 perun
427 3628 546 3672 aarum
570 3630 673 3672 reuss
697 3610 827 3695 respicit
849 3610 982 3674 eandem
1005 3609 1147 3674 fabulam
1171 3633 1268 3695 quem
1287 3610 1364 3676 Her.
1385 3610 1441 3676 lv.

253 3730 314 3795 95:
337 3730 404 3795 Nee
434 3743 536 3796 tamea
567 3728 711 3796 Aurorae
740 3731 819 3796 mele
842 3753 871 3796 se
886 3732 1051 3819 praebebat
1074 3733 1244 3795 amandum
1273 3729 1442 3820 Cephaloe3

252 3865 360 3917 rursus
402 3851 478 3918 Met.
515 3851 590 3915 VII.
630 3852 694 3916 704
725 3874 794 3938 sqq.
836 3855 947 3917 narrat
975 3851 1106 3917 Ouidius
1138 3850 1331 3938 Cephalum,
1369 3874 1441 3917 eum

252 3977 369 4044 inuitae
404 3975 445 4039 ab
476 3972 603 4038 Aurora
634 3977 716 4040 esset·
741 3977 866 4060 raptus,
899 3976 989 4040 breui
1020 3979 1094 4062 post
1117 3975 1209 4040 uxori
1233 3997 1308 4041 suae
1331 3975 1442 4040 remis-

253 4118 322 4161 sum
347 4117 422 4161 esse.

298 4339 355 4406 Vs.
383 4342 436 4406 90.
471 4362 597 4407 souuos
618 4361 822 4407 courruvnas
852 4344 888 4405 ut
911 4340 995 4406 Fast.
1021 4341 1067 4406 ΙΙ.
1096 4341 1157 4406 54:
1182 4355 1323 4431 tempore
1346 4347 1443 4410 coati-

253 4486 366 4540 aaarc,
395 4469 455 4528 eet.
481 4503 523 4514 -
548 4464 628 4529 Earn
652 4463 792 4529 fabulam
816 4463 959 4547 sequitur
981 4465 1075 4548 poeta
1097 4463 1157 4529 hoc
1180 4463 1267 4543 loco,
1291 4486 1386 4548 quam
1411 4469 1444 4530 et

253 4583 362 4650 Cicero
386 4585 477 4651 Tusa.
504 4586 531 4651 Ι.
557 4588 598 4651 38
623 4584 674 4650 est
694 4589 834 4670 secutus,
860 4584 1096 4670 Endymionem
1120 4609 1139 4651 a
1160 4585 1253 4651 Luna
1275 4608 1341 4652 esse
1365 4609 1442 4652 con-
