3274 5292
855 324 898 388 84

327 497 408 568 Cum
427 523 473 568 us.
497 501 577 568 122:
599 539 640 552 -
665 522 789 569 arcano
810 523 928 568 necrus
949 523 1074 569 senam
1094 525 1169 571 sruv
1190 507 1231 573 cf.
1244 505 1330 574 Fast.
1343 506 1369 573 Ι.
1384 507 1467 572 408:

552 621 667 688 Altera
690 625 810 691 dissuto
835 629 944 710 pectus
968 631 1077 711 aperta
1102 628 1183 694 sinu.

327 742 379 810 Vs.
407 744 480 809 123.
508 781 548 794 -
573 765 613 808 ra
638 765 759 811 souurs
784 767 907 812 uosrur
933 768 1121 827 unuvovur,
1147 750 1185 814 cf.
1211 750 1289 815 Her.
1311 749 1385 815 VII.
1409 751 1470 815 26:

508 862 642 930 Aenean
667 868 774 932 animo
798 889 924 952 noxque
948 869 1076 953 diesque
1099 869 1205 934 refert.

283 984 359 1052 Her.
383 984 475 1051 VIII.
501 988 561 1053 66:
586 986 671 1053 Nam
695 991 731 1052 tu
755 1001 833 1053 curn¹
849 1009 960 1052 somno
984 1011 1107 1074 semper
1129 989 1215 1053 abire
1240 989 1330 1054 soles.
1418 1029 1420 1034 ·

329 1229 385 1295 Vs.
415 1229 490 1296 124.
513 1229 638 1296 bouum
663 1249 811 1308 aonuoso
836 1250 1035 1295 osunmroal
1059 1251 1126 1296 nra.
1152 1231 1322 1316 Ingeniose
1335 1229 1473 1294 adhunc

286 1373 334 1418 us.
359 1351 493 1415 adnotat
514 1349 689 1427 Baehrens,
716 1350 739 1415 l.
764 1349 784 1414 l.
811 1375 842 1437 p.
870 1351 931 1416 59:
956 1351 1089 1416 »Puella
1114 1351 1207 1416 bonis
1227 1352 1263 1415 in
1281 1349 1475 1416 amorefatie

287 1475 381 1537 utens
415 1471 619 1557 gaudensque
651 1473 750 1536 amati
780 1472 960 1556 praesentia
991 1475 1030 1537 de
1058 1470 1197 1536 formoso
1229 1472 1279 1536 die
1312 1474 1344 1536 et
1374 1469 1477 1536 noctis

287 1593 420 1659 somniis
442 1590 679 1657 candidioribus
706 1597 792 1658 recte
814 1615 950 1679 ueroque
973 1594 1131 1679 loquitur,
1158 1615 1224 1658 non
1247 1593 1325 1656 item
1349 1590 1477 1677 Sappho

290 1715 427 1792 deserta,
453 1713 504 1778 cni
527 1714 654 1778 breuem
679 1713 863 1779 felicitatem
884 1715 1040 1799 praebent
1059 1715 1210 1779 tenebrae
1222 1714 1396 1797 adimitque
1408 1734 1477 1776 rur-

291 1857 344 1900 sus
373 1834 419 1899 sol
451 1834 591 1912 recisum
615 1833 653 1899 cf.
681 1857 711 1899 u.
739 1834 820 1900 135:
846 1848 879 1901 ut
903 1859 970 1900 cum
993 1859 1023 1900 so
1052 1836 1145 1900 Titan
1169 1837 1301 1899 ostendit
1324 1846 1352 1899 ot
1376 1835 1479 1898 omniu

292 1980 407 2034 secum,
434 1956 512 2020 Tam
535 1959 593 2022 cito
616 1979 663 2022 mo
686 1980 806 2022 somnos
830 1959 1000 2021 destituisse
1023 1979 1144 2042 queror.
1168 1955 1252 2021 Nam
1277 1956 1304 2020 si
1326 1954 1404 2019 uelis
1428 1975 1481 2019 cx·

292 2078 410 2162 plicare
438 2079 544 2162 ‘quam
575 2077 711 2163 quilibet
737 2076 895 2142 formosus
927 2076 1013 2155 dies'‚
1045 2097 1178 2141 acumen
1206 2075 1332 2140 nullum
1355 2079 1388 2140 et
1412 2098 1482 2140 een·

294 2196 396 2262 tentia
419 2219 571 2283 perquam
594 2197 711 2282 frigida
734 2197 852 2264 adest’.
877 2197 1049 2283 Proposuit
1070 2197 1171 2282 igitur
1192 2196 1372 2262 Baehrens:

595 2317 725 2384 Somnia
747 2320 884 2384 nimboso
909 2319 1093 2384 candidiora
1117 2319 1177 2385 die.

342 2439 395 2505 Sic
418 2440 609 2504 sententiam
633 2440 713 2506 effici
736 2440 837 2505 multo
861 2442 1023 2506 meliorem
1047 2463 1143 2526 quam
1167 2439 1194 2504 ei
1218 2440 1362 2505 codicum
1373 2438 1485 2504 lectio·

297 2587 369 2630 nem
397 2565 541 2650 formoso
573 2563 719 2628 retineas.
754 2561 805 2628 Ad
828 2563 912 2628 hanc
934 2566 1042 2628 autem
1065 2563 1217 2627 tuendam
1240 2561 1359 2626 frustra
1383 2561 1489 2625 solent

299 2686 397 2751 citare
428 2685 563 2750 editores
594 2683 701 2750 locum
730 2685 862 2750 minime
894 2684 957 2750 huc
988 2685 1174 2770 facientem,
1200 2683 1277 2749 Her.
1302 2682 1374 2748 XV.
1402 2682 1489 2749 318:

571 2804 744 2871 Candidior
767 2808 870 2871 medio
893 2828 957 2871 nox
981 2807 1042 2871 erit
1063 2806 1120 2871 illa
1145 2806 1204 2872 die.

346 3049 403 3117 Va.
437 3047 512 3113 125.
542 3048 635 3113 Innio
667 3068 706 3111 un
735 3062 869 3113 ruvnruo
907 3069 1049 3122 evruvrs
1081 3071 1274 3115 aeorournve
1297 3068 1399 3116 lasis.
1424 3049 1492 3114 Im-

303 3171 461 3256 pugnauit
489 3168 575 3234 hunc
595 3191 655 3234 us.
687 3169 806 3234 Theod.
837 3168 909 3234 Birt
933 3169 1016 3256 (loco
1039 3171 1102 3234 iam
1128 3171 1251 3255 saepius
1275 3171 1385 3257 citato)
1410 3192 1492 3236 con-

304 3296 439 3357 tendens
470 3295 613 3379 quamuis
642 3294 813 3379 ropionibus
842 3295 923 3357 obsis
954 3293 995 3357 ab
1017 3293 1177 3358 imitatore
1201 3295 1339 3378 quodam
1363 3296 1494 3359 desum·

304 3416 396 3499 ptum
428 3434 493 3477 esse
522 3435 539 3477 e
570 3413 647 3478 Met.
679 3413 758 3478 XII.
790 3414 851 3479 41:
882 3417 1025 3501 quamuis
1056 3417 1227 3500 ropionibus
1252 3416 1349 3492 obsit,
1373 3415 1496 3501 quippe

305 3533 361 3598 ubi
383 3533 515 3618 pluralis
538 3535 710 3620 ropionibus
733 3534 899 3618 proprium
921 3557 1011 3598 suum
1031 3535 1163 3599 haberet
1175 3557 1311 3600 sensum.
1325 3535 1370 3600 At
1382 3538 1498 3602 eodem

306 3677 433 3741 prorsus
467 3655 561 3721 modo
597 3676 660 3740 quo
687 3653 764 3741 hic,
799 3654 931 3739 pluralis
963 3655 1017 3720 ille
1051 3656 1169 3741 legitur
1202 3657 1279 3722 Met.
1315 3656 1372 3723 VI.
1409 3659 1498 3728 459:

306 3800 499 3866 pronumque
544 3800 639 3862 ponus
688 3778 859 3862 ropionibus
909 3777 987 3855 iltis,
1029 3777 1050 3840 i.
1088 3799 1115 3842 o.
1149 3779 1184 3842 in
1225 3778 1378 3857 Thracia,
1416 3779 1497 3848 Met.

309 3899 351 3965 X.
389 3899 471 3963 306:
512 3895 664 3964 Gratulor
699 3899 768 3964 huic
803 3911 903 3964 terrae
925 3902 1008 3985 quod
1025 3901 1107 3964 abest
1130 3903 1302 3985 ropionibus
1322 3902 1402 3979 illis,
1427 3903 1451 3968 i.
1473 3928 1501 3972 e.

310 4021 351 4086 ab
377 4019 514 4102 Arabia,
547 4019 599 4084 uel
627 4019 732 4104 potius
756 4041 775 4084 a
799 4018 981 4098 Panchaea,
1009 4019 1143 4086 Arabiae
1165 4025 1266 4106 parte.
1292 4022 1346 4104 (cf.
1370 4046 1505 4113 quoque

310 4141 387 4209 Met.
412 4141 488 4207 VII.
512 4140 601 4227 223).

357 4262 503 4330 Ceterum
524 4285 620 4348 quam
642 4263 684 4328 sit
703 4265 794 4328 caute
812 4261 1018 4328 iudicandum
1042 4264 1081 4329 de
1105 4264 1255 4349 pluralis,
1279 4267 1347 4332 sine
1369 4276 1506 4359 proprio

312 4386 379 4452 eius
407 4386 533 4450 numeri
563 4407 671 4464 sensu,
704 4385 787 4470 apud
817 4388 928 4470 poetae
951 4384 1084 4450 Latinos
1108 4409 1183 4466 uso,
1207 4388 1384 4455 luculenter
1408 4395 1508 4464 docet

313 4507 494 4591 Hultgren‚
532 4510 580 4573 dio
621 4507 749 4574 Ioobnik
780 4510 835 4572 dor
865 4530 958 4572 roem.
991 4506 1121 4574 Diebtor
1151 4511 1196 4574 irn
1227 4512 1336 4596 opiscb.
1366 4535 1398 4577 u.
1434 4520 1508 4606 slep,
