3274 5292
903 345 946 410 96

526 529 627 596 Graia
652 530 763 594 domus
786 527 947 612 Nymphis
970 528 1101 592 humida
1124 529 1317 613 Thyniasin,

483 649 584 727 Quam
607 671 703 735 supra
727 649 832 714 nullae
855 649 1040 735 pendebant
1062 650 1170 714 debila
1193 672 1286 716 curae

526 771 663 837 Roscida
687 771 817 836 desertis
840 792 934 856 poma
958 772 1017 836 sub
1040 772 1218 838 arboribus,

321 915 483 960 nxnnumu
517 895 638 960 dictum
671 895 719 958 esi
749 896 787 957 ul
824 914 850 960 e.
881 913 913 978 g.
938 892 1014 957 Meb.
1046 892 1121 958 VII.
1155 894 1219 958 622
1249 895 1371 982 patalis
1398 898 1508 974 samm

319 1016 418 1102 Verg.
440 1017 522 1083 Aen.
546 1013 604 1081 VI.
631 1017 713 1080 282:
733 1018 849 1103 pandit
871 1039 976 1080 ramos
999 1016 1100 1080 ulmus
1125 1016 1165 1082 cf.
1184 1015 1335 1082 Heinsius
1357 1018 1398 1081 ad
1425 1017 1512 1083 hunc

319 1160 366 1203 us.
391 1141 424 1203 et
446 1139 485 1202 ed
509 1136 582 1202 Vel.
605 1135 709 1202 Flacc.
733 1135 758 1200 I.
784 1137 860 1203 400.

362 1277 522 1332 scvsuicn
559 1260 657 1345 (quod
693 1258 884 1323 uocabulum
919 1258 1051 1324 Ouidius
1083 1259 1235 1324 formauit
1269 1260 1402 1347 primus)
1438 1282 1509 1326 cum

317 1401 416 1446 nouos
441 1381 648 1465 coniungitur
670 1381 705 1443 in
729 1379 905 1444 hexametri
928 1379 993 1444 fine
1012 1383 1050 1443 ul
1069 1379 1144 1444 Met.
1166 1379 1221 1445 IX.
1246 1381 1329 1458 341;
1349 1381 1391 1446 X.
1413 1382 1465 1446 96.
1481 1382 1506 1467 ¹)

316 1501 414 1568 Locos
444 1507 551 1567 aulem
582 1501 729 1587 aqualice
759 1505 807 1565 est
836 1500 1014 1588 Diospyrcs
1037 1501 1133 1567 Letoa
1156 1501 1290 1588 (Lina),
1316 1505 1355 1567 de
1378 1524 1441 1586 qua
1463 1502 1504 1568 cf.

315 1622 398 1689 Voss
430 1624 469 1688 ad
500 1623 598 1706 Verg.
630 1620 746 1706 Georg.
776 1621 819 1685 II.
844 1623 903 1698 84;
926 1621 1030 1700 Lens,
1054 1623 1195 1688 Botaailc
1216 1644 1249 1707 p.
1274 1622 1339 1687 625
1363 1644 1433 1708 sqq.
1457 1621 1504 1688 De

315 1765 352 1809 ca
382 1744 479 1809 referi
509 1744 631 1809 Plinius
662 1743 751 1808 XVI.
787 1744 838 1807 30.
874 1741 934 1806 53:
960 1742 1153 1827 »Praecipue
1177 1744 1322 1808 domibus
1345 1744 1504 1828 expetitur

313 1885 474 1929 ramorum
497 1865 675 1948 petulanlia
699 1864 789 1929 breui
809 1863 936 1928 caudice
955 1863 1108 1928 labissima
1124 1865 1371 1949 exspelianiium
1391 1867 1504 1931 umbra

314 1992 347 2053 cl
376 1987 413 2052 in
436 1987 559 2053 uicinas
582 1989 693 2052 domos
716 2008 808 2070 saepe
832 1985 1082 2050 transiliendum
1208 1986 1304 2052 nullis
1327 1988 1408 2052 rami
1430 1988 1502 2053 lon·

314 2108 418 2193 giores
441 2109 672 2192 ualidioresque
690 2110 747 2172 aul
764 2107 887 2192 plures,
908 2120 944 2171 ut
964 2109 1076 2173 subse
1096 2111 1222 2172 lotidem
1240 2110 1363 2174 arbores
1383 2109 1502 2174 liceat.”

357 2350 415 2419 Vs.
440 2351 515 2416 160.
539 2351 612 2417 Vun
636 2370 764 2435 nam,
789 2350 834 2415 sic
858 2350 936 2416 Met.
960 2349 1052 2416 VIII.
1079 2349 1144 2415 743
1167 2369 1232 2434 sq.:

450 2472 563 2539 Slcbai
585 2473 621 2537 in
644 2472 694 2538 his
716 2472 833 2556 ingens
856 2493 977 2536 annoso
1002 2471 1115 2536 robore
1138 2493 1290 2556 quercus,

448 2593 523 2660 Una
545 2616 658 2659 nemus
683 2630 725 2643 —

312 2715 453 2792 Quocum
478 2717 621 2782 conferas
645 2716 719 2782 Seu.
745 2714 822 2780 Oed.
848 2703 914 2781 5213
938 2736 1025 2801 sqq.:

448 2837 553 2903 Medio
577 2840 642 2903 stab
664 2838 778 2921 ingens
801 2837 896 2902 arbor
919 2841 1015 2921 abque
1037 2838 1149 2904 umbra
1172 2838 1264 2923 graui

446 2958 549 3024 Siluas
572 2958 711 3023 minores
732 2961 847 3042 urguet
871 2962 1043 3043 almagno
1067 2959 1189 3025 ambitu

447 3079 572 3144 Diffusa
594 3101 699 3144 rames
723 3102 788 3144 una
811 3079 953 3145 defendit
975 3102 1097 3146 nemus.

309 3201 479 3267 Illusbranl
501 3202 585 3267 hanc
608 3202 803 3267 locutionem
828 3201 953 3267 Plinius
976 3202 1046 3267 loco
1069 3224 1116 3269 us.
1140 3225 1211 3287 sup.
1233 3204 1337 3283 laud..
1359 3207 1392 3270 el
1409 3205 1501 3272 XVI.

308 3323 363 3388 44.
389 3325 448 3389 91:
475 3325 555 3390 ileu.
571 3374 578 3390 .
594 3372 623 3390 ..
648 3325 760 3388 siluam
783 3324 848 3388 cole
869 3324 1008 3409 facieu83
1031 3323 1126 3389 Silius
1150 3323 1192 3389 V.
1218 3325 1282 3390 481
1307 3347 1372 3409 sq.:

445 3444 599 3510 Aesculus
623 3491 720 3510 .....
720 3485 722 3488 .
736 3490 972 3510 ...........
985 3445 996 3508 i
998 3446 1087 3509 nster
1111 3445 1234 3530 (aperio

444 3564 478 3630 Si
500 3568 600 3630 staret
623 3565 749 3650 campo)
774 3565 911 3628 nemoris
924 3612 1017 3631 .....

354 3705 479 3750 canuno
505 3707 660 3750 cassem:
685 3705 790 3749 ununs
814 3705 930 3763 uuus,
954 3685 995 3750 cf.
1020 3687 1059 3750 A.
1074 3685 1113 3753 Α.
1138 3686 1197 3752 III.
1224 3690 1306 3754 688:

488 3806 575 3871 Pons
598 3828 684 3871 sacer
706 3809 739 3870 et
761 3805 855 3870 uiridi
878 3807 1013 3891 caespite
1036 3809 1142 3873 mollis
1164 3809 1291 3876 humus.

306 3925 381 3991 Am.
405 3926 464 3992 ΠΙ.
493 3927 544 3991 10.
573 3929 630 4007 10;
657 3931 715 3993 cel.

351 4139 408 4207 Vs.
436 4143 510 4208 162.
543 4140 822 4227 0013111111111
846 4162 966 4208 ocvaos
988 4142 1096 4209 Nuus
1120 4164 1181 4209 vul
1206 4165 1303 4213 unes.
1335 4148 1387 4213 Ita
1410 4172 1498 4216 unus

299 4263 344 4346 f.-
357 4264 483 4346 egregie
506 4263 634 4328 exbibet
657 4263 704 4349 (el
726 4263 769 4328 sic
793 4263 907 4348 legisse
931 4285 963 4328 sc
985 4265 1021 4329 in
1047 4270 1151 4331 »codd
1176 4269 1348 4333 ueteribus”
1361 4270 1499 4337 adnabat

304 4379 505 4470 Naugerius),
531 4384 626 4450 celeri
650 4404 759 4448 omnes
780 4383 906 4468 inepte:
930 4384 1098 4451 Formosus
1115 4410 1197 4474 puer
1218 4402 1262 4454 est
1286 4393 1370 4456 ussus
1393 4397 1499 4462 adesse

337 4546 365 4613 1)
385 4548 424 4600 cf.
442 4551 568 4614 aquaem
583 4548 675 4600 Asta
690 4549 751 4598 ue.
769 4549 805 4599 11.
824 4551 881 4599 sss.
