<?xml version="1.0" encoding="UTF-8"?>
<!DOCTYPE html PUBLIC "-//W3C//DTD XHTML 1.0 Transitional//EN"
    "http://www.w3.org/TR/xhtml1/DTD/xhtml1-transitional.dtd">
<html xmlns="http://www.w3.org/1999/xhtml" xml:lang="en" lang="en">
 <head>
  <title>
</title>
<meta http-equiv="Content-Type" content="text/html;charset=utf-8" />
  <meta name='ocr-system' content='tesseract 3.04.00' />
  <meta name='ocr-capabilities' content='ocr_page ocr_carea ocr_par ocr_line ocrx_word'/>
</head>
<body>
  <div class='ocr_page' id='page_1' title='image "./epistulasapphus00ovidgoog_0036.png"; bbox 0 0 3324 5284; ppageno 0'>
   <div class='ocr_carea' id='block_1_1' title="bbox 165 524 819 913">
    <p class='ocr_par' dir='ltr' id='par_1_1' title="bbox 165 524 819 913">
     <span class='ocr_line' id='line_1_1' title="bbox 778 524 819 589; baseline 0.024 -1"><span class='ocrx_word' id='word_1_1' title='bbox 778 524 819 589; x_wconf 85' lang='lat'>19</span> 
     </span>
     <span class='ocr_line' id='line_1_2' title="bbox 283 703 767 792; baseline -0.002 -22"><span class='ocrx_word' id='word_1_2' title='bbox 283 704 339 770; x_wconf 87' lang='lat' dir='ltr'>Vs.</span> <span class='ocrx_word' id='word_1_3' title='bbox 367 705 431 770; x_wconf 88' lang='grc'>172</span> <span class='ocrx_word' id='word_1_4' title='bbox 454 708 547 790; x_wconf 81' lang='lat' dir='ltr'>sexo]</span> <span class='ocrx_word' id='word_1_5' title='bbox 573 703 646 792; x_wconf 65' lang='lat' dir='ltr'>stro</span> <span class='ocrx_word' id='word_1_6' title='bbox 670 707 704 789; x_wconf 48' lang='lat' dir='ltr'>lp.</span> <span class='ocrx_word' id='word_1_7' title='bbox 731 707 767 790; x_wconf 78' lang='lat' dir='ltr'>b·</span> 
     </span>
     <span class='ocr_line' id='line_1_3' title="bbox 165 825 781 913; baseline 0 -22"><span class='ocrx_word' id='word_1_8' title='bbox 165 847 168 854; x_wconf 80' lang='grc'><strong>’</strong></span> <span class='ocrx_word' id='word_1_9' title='bbox 280 825 338 891; x_wconf 85' lang='grc' dir='ltr'>νε.</span> <span class='ocrx_word' id='word_1_10' title='bbox 365 828 428 893; x_wconf 95' lang='grc'>177</span> <span class='ocrx_word' id='word_1_11' title='bbox 454 834 540 907; x_wconf 83' lang='lat' dir='ltr'>aurs]</span> <span class='ocrx_word' id='word_1_12' title='bbox 565 847 661 909; x_wconf 75' lang='lat' dir='ltr'>aurea</span> <span class='ocrx_word' id='word_1_13' title='bbox 684 829 720 911; x_wconf 50' lang='lat' dir='ltr'>lp.</span> <span class='ocrx_word' id='word_1_14' title='bbox 744 829 781 913; x_wconf 56' lang='lat' dir='ltr'>lp</span> 
     </span>
    </p>
   </div>
   <div class='ocr_carea' id='block_1_2' title="bbox 283 947 817 1157">
    <p class='ocr_par' dir='ltr' id='par_1_2' title="bbox 283 947 817 1157">
     <span class='ocr_line' id='line_1_4' title="bbox 283 947 646 1035; baseline 0.011 -23"><span class='ocrx_word' id='word_1_15' title='bbox 283 947 646 1035; x_wconf 44' lang='lat' dir='ltr'>Wfffflssabb</span> 
     </span>
     <span class='ocr_line' id='line_1_5' title="bbox 285 1070 817 1157; baseline 0 -22"><span class='ocrx_word' id='word_1_16' title='bbox 285 1070 358 1136; x_wconf 89' lang='lat' dir='ltr'>Vss.</span> <span class='ocrx_word' id='word_1_17' title='bbox 386 1071 519 1136; x_wconf 87' lang='grc'><strong>13-14</strong></span> <span class='ocrx_word' id='word_1_18' title='bbox 541 1072 699 1138; x_wconf 87' lang='lat' dir='ltr'>omittunt</span> <span class='ocrx_word' id='word_1_19' title='bbox 722 1073 757 1156; x_wconf 55' lang='lat' dir='ltr'>lp</span> <span class='ocrx_word' id='word_1_20' title='bbox 782 1073 817 1157; x_wconf 45' lang='lat' dir='ltr'>lg.</span> 
     </span>
    </p>
   </div>
   <div class='ocr_carea' id='block_1_3' title="bbox 73 1317 1408 1766">
    <p class='ocr_par' dir='ltr' id='par_1_3' title="bbox 73 1317 1408 1646">
     <span class='ocr_line' id='line_1_6' title="bbox 120 1317 1408 1404; baseline 0.001 -24"><span class='ocrx_word' id='word_1_21' title='bbox 120 1355 123 1362; x_wconf 87' lang='lat'>·</span> <span class='ocrx_word' id='word_1_22' title='bbox 175 1324 178 1334; x_wconf 89' lang='grc'><strong>“</strong></span> <span class='ocrx_word' id='word_1_23' title='bbox 237 1317 296 1401; x_wconf 74' lang='grc' dir='ltr'>Β,.</span> <span class='ocrx_word' id='word_1_24' title='bbox 324 1319 429 1383; x_wconf 88' lang='lat' dir='ltr'>totum</span> <span class='ocrx_word' id='word_1_25' title='bbox 453 1339 520 1381; x_wconf 89' lang='lat' dir='ltr'>esse</span> <span class='ocrx_word' id='word_1_26' title='bbox 544 1319 675 1382; x_wconf 88' lang='lat' dir='ltr'>ductum</span> <span class='ocrx_word' id='word_1_27' title='bbox 698 1338 739 1382; x_wconf 86' lang='lat' dir='ltr'>ex</span> <span class='ocrx_word' id='word_1_28' title='bbox 762 1343 792 1383; x_wconf 83' lang='lat' dir='ltr'>u.</span> <span class='ocrx_word' id='word_1_29' title='bbox 816 1317 880 1382; x_wconf 85' lang='lat' dir='ltr'>iam</span> <span class='ocrx_word' id='word_1_30' title='bbox 904 1317 1138 1384; x_wconf 84' lang='lat' dir='ltr'>demonstrauit</span> <span class='ocrx_word' id='word_1_31' title='bbox 1156 1317 1304 1397; x_wconf 81' lang='lat' dir='ltr'>Kunz‚l.</span> <span class='ocrx_word' id='word_1_32' title='bbox 1317 1318 1340 1382; x_wconf 91' lang='lat' dir='ltr'>l.</span> <span class='ocrx_word' id='word_1_33' title='bbox 1353 1341 1408 1404; x_wconf 76' lang='lat' dir='ltr'>p«</span> 
     </span>
     <span class='ocr_line' id='line_1_7' title="bbox 73 1415 1396 1524; baseline 0.002 -22"><span class='ocrx_word' id='word_1_34' title='bbox 73 1415 75 1422; x_wconf 28' lang='grc' dir='ltr'>Ι</span> <span class='ocrx_word' id='word_1_35' title='bbox 195 1439 256 1514; x_wconf 87' lang='grc'>33;</span> <span class='ocrx_word' id='word_1_36' title='bbox 281 1438 365 1522; x_wconf 91' lang='lat' dir='ltr'>quod</span> <span class='ocrx_word' id='word_1_37' title='bbox 390 1438 509 1503; x_wconf 82' lang='lat' dir='ltr'>attinet</span> <span class='ocrx_word' id='word_1_38' title='bbox 533 1441 573 1502; x_wconf 86' lang='lat' dir='ltr'>ed</span> <span class='ocrx_word' id='word_1_39' title='bbox 596 1437 716 1524; x_wconf 81' lang='lat' dir='ltr'>Sepph.</span> <span class='ocrx_word' id='word_1_40' title='bbox 738 1461 788 1524; x_wconf 91' lang='lat' dir='ltr'>ep.</span> <span class='ocrx_word' id='word_1_41' title='bbox 810 1439 1003 1504; x_wconf 84' lang='lat' dir='ltr'>confirment</span> <span class='ocrx_word' id='word_1_42' title='bbox 1021 1440 1054 1504; x_wconf 92' lang='lat' dir='ltr'>id</span> <span class='ocrx_word' id='word_1_43' title='bbox 1074 1440 1226 1506; x_wconf 89' lang='lat' dir='ltr'>lectiones</span> <span class='ocrx_word' id='word_1_44' title='bbox 1244 1425 1396 1521; x_wconf 53' lang='lat' dir='ltr'>inutross</span> 
     </span>
     <span class='ocr_line' id='line_1_8' title="bbox 194 1559 1299 1646; baseline 0.003 -23"><span class='ocrx_word' id='word_1_45' title='bbox 194 1581 256 1643; x_wconf 89' lang='lat' dir='ltr'>que</span> <span class='ocrx_word' id='word_1_46' title='bbox 277 1560 403 1624; x_wconf 85' lang='lat' dir='ltr'>eaedem</span> <span class='ocrx_word' id='word_1_47' title='bbox 427 1559 493 1625; x_wconf 90' lang='lat' dir='ltr'>fere</span> <span class='ocrx_word' id='word_1_48' title='bbox 518 1582 643 1639; x_wconf 86' lang='lat' dir='ltr'>omnes,</span> <span class='ocrx_word' id='word_1_49' title='bbox 671 1583 750 1645; x_wconf 86' lang='lat' dir='ltr'>ques</span> <span class='ocrx_word' id='word_1_50' title='bbox 769 1563 878 1624; x_wconf 83' lang='lat' dir='ltr'>temen</span> <span class='ocrx_word' id='word_1_51' title='bbox 898 1583 1083 1627; x_wconf 77' lang='lat' dir='ltr'>enumerare</span> <span class='ocrx_word' id='word_1_52' title='bbox 1101 1561 1299 1646; x_wconf 79' lang='lat' dir='ltr'>supersedeo.</span> 
     </span>
    </p>

    <p class='ocr_par' dir='ltr' id='par_1_4' title="bbox 239 1657 1388 1766">
     <span class='ocr_line' id='line_1_9' title="bbox 239 1657 1388 1766; baseline -0.001 -20"><span class='ocrx_word' id='word_1_53' title='bbox 239 1657 410 1746; x_wconf 87' lang='lat' dir='ltr'>Difficilior</span> <span class='ocrx_word' id='word_1_54' title='bbox 439 1682 548 1766; x_wconf 86' lang='lat' dir='ltr'>paullo</span> <span class='ocrx_word' id='word_1_55' title='bbox 579 1685 627 1747; x_wconf 88' lang='lat' dir='ltr'>est</span> <span class='ocrx_word' id='word_1_56' title='bbox 658 1681 802 1766; x_wconf 82' lang='lat' dir='ltr'>quaestio</span> <span class='ocrx_word' id='word_1_57' title='bbox 829 1681 867 1745; x_wconf 95' lang='lat' dir='ltr'>de</span> <span class='ocrx_word' id='word_1_58' title='bbox 891 1682 1123 1747; x_wconf 74' lang='lat' dir='ltr'>necessitudine</span> <span class='ocrx_word' id='word_1_59' title='bbox 1146 1683 1229 1747; x_wconf 87' lang='lat' dir='ltr'>inter</span> <span class='ocrx_word' id='word_1_60' title='bbox 1252 1707 1289 1766; x_wconf 76' lang='grc'>6,.</span> <span class='ocrx_word' id='word_1_61' title='bbox 1318 1685 1388 1762; x_wconf 75' lang='lat' dir='ltr'>etp</span> 
     </span>
    </p>
   </div>
   <div class='ocr_carea' id='block_1_4' title="bbox 65 1755 1389 1891">
    <p class='ocr_par' dir='ltr' id='par_1_5' title="bbox 65 1755 1389 1891">
     <span class='ocr_line' id='line_1_10' title="bbox 65 1755 1389 1891; baseline 0.002 -22"><span class='ocrx_word' id='word_1_62' title='bbox 65 1755 69 1762; x_wconf 56' lang='grc'><strong>’</strong></span> <span class='ocrx_word' id='word_1_63' title='bbox 195 1804 421 1880; x_wconf 68' lang='lat' dir='ltr'>intercedente.</span> <span class='ocrx_word' id='word_1_64' title='bbox 446 1803 576 1868; x_wconf 72' lang='lat' dir='ltr'>neuim</span> <span class='ocrx_word' id='word_1_65' title='bbox 601 1826 673 1868; x_wconf 70' lang='lat' dir='ltr'>eum</span> <span class='ocrx_word' id='word_1_66' title='bbox 696 1807 782 1868; x_wconf 69' lang='lat' dir='ltr'>reete</span> <span class='ocrx_word' id='word_1_67' title='bbox 806 1804 921 1868; x_wconf 75' lang='lat' dir='ltr'>unere</span> <span class='ocrx_word' id='word_1_68' title='bbox 946 1804 1129 1890; x_wconf 70' lang='lat' dir='ltr'>Sedlmayer</span> <span class='ocrx_word' id='word_1_69' title='bbox 1153 1805 1261 1891; x_wconf 75' lang='lat' dir='ltr'>(Pron.</span> <span class='ocrx_word' id='word_1_70' title='bbox 1284 1828 1315 1890; x_wconf 82' lang='lat' dir='ltr'>p.</span> <span class='ocrx_word' id='word_1_71' title='bbox 1330 1806 1389 1890; x_wconf 84' lang='lat' dir='ltr'>ss)</span> 
     </span>
    </p>
   </div>
   <div class='ocr_carea' id='block_1_5' title="bbox 35 1925 1393 4570">
    <p class='ocr_par' dir='ltr' id='par_1_6' title="bbox 35 1925 1393 4570">
     <span class='ocr_line' id='line_1_11' title="bbox 195 1925 1390 2013; baseline 0 -21"><span class='ocrx_word' id='word_1_72' title='bbox 195 1952 243 2013; x_wconf 74' lang='lat'>⁶1,</span> <span class='ocrx_word' id='word_1_73' title='bbox 273 1926 379 1991; x_wconf 82' lang='lat' dir='ltr'>nullas</span> <span class='ocrx_word' id='word_1_74' title='bbox 409 1926 541 1990; x_wconf 91' lang='lat' dir='ltr'>omnino</span> <span class='ocrx_word' id='word_1_75' title='bbox 574 1928 786 2004; x_wconf 84' lang='lat' dir='ltr'>correcturas,</span> <span class='ocrx_word' id='word_1_76' title='bbox 819 1925 923 1990; x_wconf 84' lang='lat' dir='ltr'>nullus</span> <span class='ocrx_word' id='word_1_77' title='bbox 946 1927 1084 2013; x_wconf 80' lang='lat' dir='ltr'>glossas,</span> <span class='ocrx_word' id='word_1_78' title='bbox 1109 1927 1215 1992; x_wconf 80' lang='lat' dir='ltr'>nullas</span> <span class='ocrx_word' id='word_1_79' title='bbox 1236 1927 1390 1992; x_wconf 88' lang='lat' dir='ltr'>lectiones</span> 
     </span>
     <span class='ocr_line' id='line_1_12' title="bbox 195 2046 1389 2136; baseline -0.001 -23"><span class='ocrx_word' id='word_1_80' title='bbox 195 2049 300 2113; x_wconf 79' lang='lat' dir='ltr'>uarias</span> <span class='ocrx_word' id='word_1_81' title='bbox 320 2047 541 2126; x_wconf 75' lang='lat' dir='ltr'>exhibentem,</span> <span class='ocrx_word' id='word_1_82' title='bbox 563 2046 710 2114; x_wconf 72' lang='lat' dir='ltr'>editionis</span> <span class='ocrx_word' id='word_1_83' title='bbox 728 2048 844 2114; x_wconf 87' lang='lat' dir='ltr'>ueteris</span> <span class='ocrx_word' id='word_1_84' title='bbox 854 2049 1018 2113; x_wconf 81' lang='lat' dir='ltr'>cuiusdam</span> <span class='ocrx_word' id='word_1_85' title='bbox 1031 2071 1097 2113; x_wconf 89' lang='lat' dir='ltr'>esse</span> <span class='ocrx_word' id='word_1_86' title='bbox 1114 2047 1389 2136; x_wconf 60' lang='lat' dir='ltr'>apographums¹)‚</span> 
     </span>
     <span class='ocr_line' id='line_1_13' title="bbox 110 2149 1387 2255; baseline -0.002 -19"><span class='ocrx_word' id='word_1_87' title='bbox 110 2155 113 2160; x_wconf 21' lang='lat'>¹</span> <span class='ocrx_word' id='word_1_88' title='bbox 195 2173 230 2236; x_wconf 89' lang='lat' dir='ltr'>in</span> <span class='ocrx_word' id='word_1_89' title='bbox 250 2173 374 2236; x_wconf 90' lang='lat' dir='ltr'>incerto</span> <span class='ocrx_word' id='word_1_90' title='bbox 394 2149 501 2236; x_wconf 85' lang='lat' dir='ltr'>temen</span> <span class='ocrx_word' id='word_1_91' title='bbox 521 2175 570 2238; x_wconf 89' lang='lat' dir='ltr'>est</span> <span class='ocrx_word' id='word_1_92' title='bbox 588 2191 670 2255; x_wconf 81' lang='lat' dir='ltr'>quse</span> <span class='ocrx_word' id='word_1_93' title='bbox 686 2170 784 2235; x_wconf 90' lang='lat' dir='ltr'>fuerit</span> <span class='ocrx_word' id='word_1_94' title='bbox 802 2171 859 2235; x_wconf 86' lang='lat' dir='ltr'>illa</span> <span class='ocrx_word' id='word_1_95' title='bbox 880 2170 994 2236; x_wconf 91' lang='lat' dir='ltr'>editio:</span> <span class='ocrx_word' id='word_1_96' title='bbox 1016 2193 1085 2235; x_wconf 84' lang='lat' dir='ltr'>earn</span> <span class='ocrx_word' id='word_1_97' title='bbox 1105 2171 1201 2236; x_wconf 88' lang='lat' dir='ltr'>fuisse</span> <span class='ocrx_word' id='word_1_98' title='bbox 1219 2170 1268 2234; x_wconf 87' lang='lat' dir='ltr'>ed.</span> <span class='ocrx_word' id='word_1_99' title='bbox 1287 2170 1387 2254; x_wconf 90' lang='lat' dir='ltr'>prino.</span> 
     </span>
     <span class='ocr_line' id='line_1_14' title="bbox 195 2292 1387 2380; baseline 0 -24"><span class='ocrx_word' id='word_1_100' title='bbox 195 2293 431 2358; x_wconf 88' lang='lat' dir='ltr'>Bononiensem</span> <span class='ocrx_word' id='word_1_101' title='bbox 463 2293 539 2380; x_wconf 57' lang='lat' dir='ltr'><strong>(El)</strong></span> <span class='ocrx_word' id='word_1_102' title='bbox 570 2293 766 2378; x_wconf 82' lang='lat' dir='ltr'>suspicatur,</span> <span class='ocrx_word' id='word_1_103' title='bbox 798 2292 977 2358; x_wconf 77' lang='lat' dir='ltr'>Romanam</span> <span class='ocrx_word' id='word_1_104' title='bbox 1009 2293 1051 2380; x_wconf 80' lang='grc' dir='ltr'>(ρ)</span> <span class='ocrx_word' id='word_1_105' title='bbox 1082 2292 1179 2357; x_wconf 86' lang='lat' dir='ltr'>fuisse</span> <span class='ocrx_word' id='word_1_106' title='bbox 1209 2295 1317 2377; x_wconf 80' lang='lat' dir='ltr'>neget.</span> <span class='ocrx_word' id='word_1_107' title='bbox 1340 2293 1387 2376; x_wconf 85' lang='lat' dir='ltr'>B¹</span> 
     </span>
     <span class='ocr_line' id='line_1_15' title="bbox 197 2393 1388 2500; baseline 0.001 -22"><span class='ocrx_word' id='word_1_108' title='bbox 197 2433 271 2478; x_wconf 87' lang='lat' dir='ltr'>uero</span> <span class='ocrx_word' id='word_1_109' title='bbox 304 2393 370 2477; x_wconf 87' lang='lat' dir='ltr'>tam</span> <span class='ocrx_word' id='word_1_110' title='bbox 398 2412 582 2498; x_wconf 88' lang='lat' dir='ltr'>frequenter</span> <span class='ocrx_word' id='word_1_111' title='bbox 608 2437 627 2478; x_wconf 79' lang='lat' dir='ltr'>a</span> <span class='ocrx_word' id='word_1_112' title='bbox 658 2440 684 2498; x_wconf 83' lang='grc'>61</span> <span class='ocrx_word' id='word_1_113' title='bbox 711 2415 886 2500; x_wconf 85' lang='lat' dir='ltr'>discrepet,</span> <span class='ocrx_word' id='word_1_114' title='bbox 919 2418 957 2478; x_wconf 91' lang='lat' dir='ltr'>ut</span> <span class='ocrx_word' id='word_1_115' title='bbox 980 2414 1061 2480; x_wconf 84' lang='lat' dir='ltr'>alter</span> <span class='ocrx_word' id='word_1_116' title='bbox 1084 2437 1122 2480; x_wconf 87' lang='lat' dir='ltr'>ex</span> <span class='ocrx_word' id='word_1_117' title='bbox 1146 2415 1245 2479; x_wconf 82' lang='lat' dir='ltr'>altero</span> <span class='ocrx_word' id='word_1_118' title='bbox 1269 2414 1388 2479; x_wconf 89' lang='lat' dir='ltr'>deseri-</span> 
     </span>
     <span class='ocr_line' id='line_1_16' title="bbox 196 2537 1390 2622; baseline 0.001 -22"><span class='ocrx_word' id='word_1_119' title='bbox 196 2541 270 2620; x_wconf 89' lang='lat' dir='ltr'>ptus</span> <span class='ocrx_word' id='word_1_120' title='bbox 301 2558 368 2600; x_wconf 87' lang='lat' dir='ltr'>esse</span> <span class='ocrx_word' id='word_1_121' title='bbox 401 2537 490 2600; x_wconf 93' lang='lat' dir='ltr'>nullo</span> <span class='ocrx_word' id='word_1_122' title='bbox 524 2538 617 2601; x_wconf 92' lang='lat' dir='ltr'>modo</span> <span class='ocrx_word' id='word_1_123' title='bbox 649 2537 759 2620; x_wconf 89' lang='lat' dir='ltr'>possit.</span> <span class='ocrx_word' id='word_1_124' title='bbox 793 2537 906 2622; x_wconf 84' lang='lat' dir='ltr'>Neque</span> <span class='ocrx_word' id='word_1_125' title='bbox 929 2538 1024 2602; x_wconf 82' lang='lat' dir='ltr'>aliem</span> <span class='ocrx_word' id='word_1_126' title='bbox 1045 2537 1228 2602; x_wconf 90' lang='lat' dir='ltr'>inuenimus</span> <span class='ocrx_word' id='word_1_127' title='bbox 1251 2538 1390 2602; x_wconf 87' lang='lat' dir='ltr'>ueterem</span> 
     </span>
     <span class='ocr_line' id='line_1_17' title="bbox 35 2657 1391 2745; baseline 0.002 -24"><span class='ocrx_word' id='word_1_128' title='bbox 35 2663 37 2669; x_wconf 70' lang='grc'><em>“</em></span> <span class='ocrx_word' id='word_1_129' title='bbox 98 2678 100 2682; x_wconf 93' lang='grc'><strong><em>·</em></strong></span> <span class='ocrx_word' id='word_1_130' title='bbox 145 2713 147 2718; x_wconf 97' lang='grc'><strong>.</strong></span> <span class='ocrx_word' id='word_1_131' title='bbox 200 2657 372 2722; x_wconf 89' lang='lat' dir='ltr'>editionem</span> <span class='ocrx_word' id='word_1_132' title='bbox 404 2679 485 2742; x_wconf 87' lang='lat' dir='ltr'>queo</span> <span class='ocrx_word' id='word_1_133' title='bbox 514 2657 610 2742; x_wconf 82' lang='lat' dir='ltr'>plene</span> <span class='ocrx_word' id='word_1_134' title='bbox 636 2659 808 2723; x_wconf 84' lang='lat' dir='ltr'>conueniat</span> <span class='ocrx_word' id='word_1_135' title='bbox 831 2680 902 2723; x_wconf 87' lang='lat' dir='ltr'>cum</span> <span class='ocrx_word' id='word_1_136' title='bbox 927 2683 975 2745; x_wconf 74' lang='lat'>⁶1&gt;</span> <span class='ocrx_word' id='word_1_137' title='bbox 998 2658 1062 2722; x_wconf 90' lang='lat' dir='ltr'>nisi</span> <span class='ocrx_word' id='word_1_138' title='bbox 1090 2658 1193 2743; x_wconf 84' lang='lat' dir='ltr'>ipsam</span> <span class='ocrx_word' id='word_1_139' title='bbox 1216 2660 1266 2723; x_wconf 90' lang='lat' dir='ltr'>ed.</span> <span class='ocrx_word' id='word_1_140' title='bbox 1289 2659 1391 2742; x_wconf 90' lang='lat' dir='ltr'>princ.</span> 
     </span>
     <span class='ocr_line' id='line_1_18' title="bbox 54 2779 1392 2872; baseline -0.001 -28"><span class='ocrx_word' id='word_1_141' title='bbox 54 2860 61 2872; x_wconf 24' lang='grc' dir='ltr'><strong>Α</strong></span> <span class='ocrx_word' id='word_1_142' title='bbox 196 2781 393 2858; x_wconf 82' lang='lat' dir='ltr'>Romanam,</span> <span class='ocrx_word' id='word_1_143' title='bbox 416 2784 497 2864; x_wconf 83' lang='lat' dir='ltr'>quac</span> <span class='ocrx_word' id='word_1_144' title='bbox 515 2784 673 2865; x_wconf 82' lang='lat' dir='ltr'>quatenus</span> <span class='ocrx_word' id='word_1_145' title='bbox 693 2781 729 2844; x_wconf 91' lang='lat' dir='ltr'>in</span> <span class='ocrx_word' id='word_1_146' title='bbox 750 2779 857 2845; x_wconf 90' lang='lat' dir='ltr'>Ouidii</span> <span class='ocrx_word' id='word_1_147' title='bbox 877 2781 1026 2864; x_wconf 89' lang='lat' dir='ltr'>operibus</span> <span class='ocrx_word' id='word_1_148' title='bbox 1045 2779 1226 2844; x_wconf 82' lang='lat' dir='ltr'>indubitate</span> <span class='ocrx_word' id='word_1_149' title='bbox 1244 2779 1392 2864; x_wconf 80' lang='lat' dir='ltr'>genuinis</span> 
     </span>
     <span class='ocr_line' id='line_1_19' title="bbox 197 2901 1392 2988; baseline -0.003 -20"><span class='ocrx_word' id='word_1_150' title='bbox 197 2903 368 2968; x_wconf 80' lang='lat' dir='ltr'>concordet</span> <span class='ocrx_word' id='word_1_151' title='bbox 391 2924 462 2967; x_wconf 90' lang='lat' dir='ltr'>cum</span> <span class='ocrx_word' id='word_1_152' title='bbox 487 2928 531 2986; x_wconf 73' lang='lat' dir='ltr'>e„</span> <span class='ocrx_word' id='word_1_153' title='bbox 556 2903 729 2988; x_wconf 87' lang='lat' dir='ltr'>disquirere</span> <span class='ocrx_word' id='word_1_154' title='bbox 751 2924 819 2967; x_wconf 93' lang='lat' dir='ltr'>non</span> <span class='ocrx_word' id='word_1_155' title='bbox 841 2901 937 2968; x_wconf 89' lang='lat' dir='ltr'>huius</span> <span class='ocrx_word' id='word_1_156' title='bbox 961 2906 1009 2967; x_wconf 88' lang='lat' dir='ltr'>est</span> <span class='ocrx_word' id='word_1_157' title='bbox 1031 2901 1110 2982; x_wconf 88' lang='lat' dir='ltr'>loci;</span> <span class='ocrx_word' id='word_1_158' title='bbox 1135 2903 1293 2987; x_wconf 80' lang='lat' dir='ltr'>quantum</span> <span class='ocrx_word' id='word_1_159' title='bbox 1316 2923 1392 2966; x_wconf 87' lang='lat' dir='ltr'>uero</span> 
     </span>
     <span class='ocr_line' id='line_1_20' title="bbox 195 2995 1391 3112; baseline 0.001 -24"><span class='ocrx_word' id='word_1_160' title='bbox 195 3025 309 3089; x_wconf 83' lang='lat' dir='ltr'>attinet</span> <span class='ocrx_word' id='word_1_161' title='bbox 324 2995 374 3088; x_wconf 66' lang='lat' dir='ltr'>‘ed</span> <span class='ocrx_word' id='word_1_162' title='bbox 397 3023 517 3109; x_wconf 79' lang='lat' dir='ltr'>Sepph.</span> <span class='ocrx_word' id='word_1_163' title='bbox 543 3047 592 3110; x_wconf 90' lang='lat' dir='ltr'>ep.</span> <span class='ocrx_word' id='word_1_164' title='bbox 618 3026 668 3088; x_wconf 89' lang='lat' dir='ltr'>tot</span> <span class='ocrx_word' id='word_1_165' title='bbox 692 3029 723 3090; x_wconf 94' lang='lat' dir='ltr'>et</span> <span class='ocrx_word' id='word_1_166' title='bbox 746 3028 853 3090; x_wconf 86' lang='lat' dir='ltr'>tentas</span> <span class='ocrx_word' id='word_1_167' title='bbox 878 3047 949 3090; x_wconf 91' lang='lat' dir='ltr'>cum</span> <span class='ocrx_word' id='word_1_168' title='bbox 974 3050 1000 3112; x_wconf 86' lang='lat' dir='ltr'>cl</span> <span class='ocrx_word' id='word_1_169' title='bbox 1027 3024 1125 3090; x_wconf 81' lang='lat' dir='ltr'>hebet</span> <span class='ocrx_word' id='word_1_170' title='bbox 1141 3023 1391 3103; x_wconf 86' lang='lat' dir='ltr'>similitudines,</span> 
     </span>
     <span class='ocr_line' id='line_1_21' title="bbox 155 3143 1392 3230; baseline -0.002 -19"><span class='ocrx_word' id='word_1_171' title='bbox 155 3192 157 3196; x_wconf 80' lang='lat'><em>.</em></span> <span class='ocrx_word' id='word_1_172' title='bbox 195 3149 232 3211; x_wconf 87' lang='lat' dir='ltr'>ut</span> <span class='ocrx_word' id='word_1_173' title='bbox 266 3167 376 3212; x_wconf 80' lang='lat' dir='ltr'>reuera</span> <span class='ocrx_word' id='word_1_174' title='bbox 411 3146 498 3223; x_wconf 86' lang='lat' dir='ltr'>illam</span> <span class='ocrx_word' id='word_1_175' title='bbox 535 3145 632 3214; x_wconf 81' lang='lat' dir='ltr'>fuisse</span> <span class='ocrx_word' id='word_1_176' title='bbox 667 3145 733 3210; x_wconf 90' lang='lat' dir='ltr'>eius</span> <span class='ocrx_word' id='word_1_177' title='bbox 769 3145 884 3211; x_wconf 88' lang='lat' dir='ltr'>codicis</span> <span class='ocrx_word' id='word_1_178' title='bbox 915 3146 1076 3229; x_wconf 82' lang='lat' dir='ltr'>exemplar</span> <span class='ocrx_word' id='word_1_179' title='bbox 1108 3148 1268 3230; x_wconf 80' lang='lat' dir='ltr'>appareat</span> <span class='ocrx_word' id='word_1_180' title='bbox 1300 3143 1392 3220; x_wconf 84' lang='lat' dir='ltr'>Quod</span> 
     </span>
     <span class='ocr_line' id='line_1_22' title="bbox 196 3266 1390 3352; baseline -0.003 -18"><span class='ocrx_word' id='word_1_181' title='bbox 196 3268 403 3334; x_wconf 83' lang='lat' dir='ltr'>confirmetur</span> <span class='ocrx_word' id='word_1_182' title='bbox 434 3267 530 3332; x_wconf 87' lang='lat' dir='ltr'>etiam</span> <span class='ocrx_word' id='word_1_183' title='bbox 562 3267 623 3334; x_wconf 82' lang='lat' dir='ltr'>heo</span> <span class='ocrx_word' id='word_1_184' title='bbox 653 3289 706 3346; x_wconf 86' lang='lat' dir='ltr'>re,</span> <span class='ocrx_word' id='word_1_185' title='bbox 738 3268 842 3352; x_wconf 86' lang='lat' dir='ltr'>quod,</span> <span class='ocrx_word' id='word_1_186' title='bbox 873 3272 910 3332; x_wconf 93' lang='lat' dir='ltr'>ut</span> <span class='ocrx_word' id='word_1_187' title='bbox 933 3267 1082 3332; x_wconf 84' lang='lat' dir='ltr'>obsernet</span> <span class='ocrx_word' id='word_1_188' title='bbox 1105 3266 1289 3350; x_wconf 79' lang='lat' dir='ltr'>Sedlmayer</span> <span class='ocrx_word' id='word_1_189' title='bbox 1312 3266 1333 3332; x_wconf 89' lang='lat' dir='ltr'>l.</span> <span class='ocrx_word' id='word_1_190' title='bbox 1347 3266 1390 3344; x_wconf 89' lang='lat' dir='ltr'>l.‚</span> 
     </span>
     <span class='ocr_line' id='line_1_23' title="bbox 195 3387 1392 3474; baseline -0.003 -18"><span class='ocrx_word' id='word_1_191' title='bbox 195 3391 302 3470; x_wconf 79' lang='lat' dir='ltr'>psole</span> <span class='ocrx_word' id='word_1_192' title='bbox 333 3391 431 3456; x_wconf 88' lang='lat' dir='ltr'>editio</span> <span class='ocrx_word' id='word_1_193' title='bbox 462 3394 503 3455; x_wconf 84' lang='lat' dir='ltr'>sd</span> <span class='ocrx_word' id='word_1_194' title='bbox 534 3391 675 3458; x_wconf 82' lang='lat' dir='ltr'>alterum·</span> <span class='ocrx_word' id='word_1_195' title='bbox 703 3390 847 3456; x_wconf 89' lang='lat' dir='ltr'>codicum</span> <span class='ocrx_word' id='word_1_196' title='bbox 879 3411 981 3474; x_wconf 86' lang='lat' dir='ltr'>genus</span> <span class='ocrx_word' id='word_1_197' title='bbox 1013 3411 1050 3454; x_wconf 85' lang='lat' dir='ltr'>ec</span> <span class='ocrx_word' id='word_1_198' title='bbox 1074 3389 1213 3473; x_wconf 79' lang='lat' dir='ltr'>reliquae</span> <span class='ocrx_word' id='word_1_199' title='bbox 1236 3387 1392 3453; x_wconf 87' lang='lat' dir='ltr'>editiones</span> 
     </span>
     <span class='ocr_line' id='line_1_24' title="bbox 94 3511 1393 3597; baseline -0.003 -19"><span class='ocrx_word' id='word_1_200' title='bbox 94 3553 98 3557; x_wconf 95' lang='lat'><em>-</em></span> <span class='ocrx_word' id='word_1_201' title='bbox 196 3516 244 3578; x_wconf 91' lang='lat' dir='ltr'>est</span> <span class='ocrx_word' id='word_1_202' title='bbox 277 3513 452 3577; x_wconf 85' lang='lat' dir='ltr'>referende.</span> <span class='ocrx_word' id='word_1_203' title='bbox 487 3511 691 3597; x_wconf 77' lang='lat' dir='ltr'>Quantopere</span> <span class='ocrx_word' id='word_1_204' title='bbox 725 3515 832 3576; x_wconf 83' lang='lat' dir='ltr'>autem</span> <span class='ocrx_word' id='word_1_205' title='bbox 867 3512 1052 3597; x_wconf 86' lang='lat' dir='ltr'>conspirent</span> <span class='ocrx_word' id='word_1_206' title='bbox 1085 3536 1112 3594; x_wconf 86' lang='lat' dir='ltr'>c¹</span> <span class='ocrx_word' id='word_1_207' title='bbox 1149 3513 1182 3574; x_wconf 91' lang='lat' dir='ltr'>et</span> <span class='ocrx_word' id='word_1_208' title='bbox 1210 3534 1225 3590; x_wconf 78' lang='grc' dir='ltr'><strong><em>ρ</em></strong></span> <span class='ocrx_word' id='word_1_209' title='bbox 1256 3512 1393 3574; x_wconf 83' lang='lat' dir='ltr'>doceant</span> 
     </span>
     <span class='ocr_line' id='line_1_25' title="bbox 197 3635 494 3720; baseline -0.003 -21"><span class='ocrx_word' id='word_1_210' title='bbox 197 3635 341 3720; x_wconf 83' lang='lat' dir='ltr'>exemplu</span> <span class='ocrx_word' id='word_1_211' title='bbox 364 3635 494 3700; x_wconf 79' lang='lat' dir='ltr'>haecce:</span> 
     </span>
     <span class='ocr_line' id='line_1_26' title="bbox 288 3756 829 3840; baseline 0 -18"><span class='ocrx_word' id='word_1_212' title='bbox 288 3756 344 3822; x_wconf 89' lang='lat' dir='ltr'>Vs.</span> <span class='ocrx_word' id='word_1_213' title='bbox 370 3757 412 3821; x_wconf 87' lang='grc'>39</span> <span class='ocrx_word' id='word_1_214' title='bbox 436 3756 564 3840; x_wconf 85' lang='lat' dir='ltr'>poterit]</span> <span class='ocrx_word' id='word_1_215' title='bbox 590 3758 717 3839; x_wconf 85' lang='lat' dir='ltr'>poteret</span> <span class='ocrx_word' id='word_1_216' title='bbox 739 3781 777 3839; x_wconf 74' lang='grc'>6,.</span> <span class='ocrx_word' id='word_1_217' title='bbox 804 3779 829 3836; x_wconf 79' lang='grc' dir='ltr'>ρ.</span> 
     </span>
     <span class='ocr_line' id='line_1_27' title="bbox 287 3877 984 3964; baseline -0.006 -20"><span class='ocrx_word' id='word_1_218' title='bbox 287 3878 345 3944; x_wconf 85' lang='grc' dir='ltr'>νε.</span> <span class='ocrx_word' id='word_1_219' title='bbox 369 3879 411 3943; x_wconf 85' lang='grc'>68</span> <span class='ocrx_word' id='word_1_220' title='bbox 435 3877 596 3957; x_wconf 88' lang='lat' dir='ltr'>Hoc-hoc]</span> <span class='ocrx_word' id='word_1_221' title='bbox 620 3877 765 3942; x_wconf 84' lang='lat' dir='ltr'>Hoc-hec</span> <span class='ocrx_word' id='word_1_222' title='bbox 789 3903 829 3964; x_wconf 77' lang='grc'>6,.</span> <span class='ocrx_word' id='word_1_223' title='bbox 853 3902 878 3958; x_wconf 83' lang='grc' dir='ltr'>ρ.</span> <span class='ocrx_word' id='word_1_224' title='bbox 904 3884 984 3960; x_wconf 45' lang='lat' dir='ltr'>[mv]</span> 
     </span>
     <span class='ocr_line' id='line_1_28' title="bbox 288 3999 966 4085; baseline -0.003 -19"><span class='ocrx_word' id='word_1_225' title='bbox 288 4001 344 4067; x_wconf 96' lang='grc' dir='ltr'>νε.</span> <span class='ocrx_word' id='word_1_226' title='bbox 374 4001 416 4065; x_wconf 85' lang='grc'>69</span> <span class='ocrx_word' id='word_1_227' title='bbox 440 3999 557 4080; x_wconf 85' lang='lat' dir='ltr'>desint]</span> <span class='ocrx_word' id='word_1_228' title='bbox 583 3999 700 4064; x_wconf 91' lang='lat' dir='ltr'>desinit</span> <span class='ocrx_word' id='word_1_229' title='bbox 722 4025 761 4084; x_wconf 77' lang='lat'>⁰1·</span> <span class='ocrx_word' id='word_1_230' title='bbox 787 4023 811 4079; x_wconf 81' lang='grc' dir='ltr'>ρ.</span> <span class='ocrx_word' id='word_1_231' title='bbox 838 4006 891 4084; x_wconf 59' lang='lat' dir='ltr'>[og.</span> <span class='ocrx_word' id='word_1_232' title='bbox 916 4001 966 4085; x_wconf 70' lang='lat' dir='ltr'>ll]</span> 
     </span>
     <span class='ocr_line' id='line_1_29' title="bbox 196 4117 932 4206; baseline -0.001 -21"><span class='ocrx_word' id='word_1_233' title='bbox 196 4117 197 4120; x_wconf 49' lang='lat'>&#39;</span> <span class='ocrx_word' id='word_1_234' title='bbox 347 4120 351 4126; x_wconf 75' lang='grc'><strong>’</strong></span> <span class='ocrx_word' id='word_1_235' title='bbox 437 4121 587 4206; x_wconf 83' lang='lat' dir='ltr'>fatigent]</span> <span class='ocrx_word' id='word_1_236' title='bbox 613 4120 730 4205; x_wconf 82' lang='lat' dir='ltr'>fatigat</span> <span class='ocrx_word' id='word_1_237' title='bbox 748 4144 788 4206; x_wconf 79' lang='lat'>⁰1·</span> <span class='ocrx_word' id='word_1_238' title='bbox 813 4143 837 4199; x_wconf 81' lang='grc' dir='ltr'>ρ.</span> <span class='ocrx_word' id='word_1_239' title='bbox 864 4121 932 4206; x_wconf 53' lang='lat' dir='ltr'>[ep]</span> 
     </span>
     <span class='ocr_line' id='line_1_30' title="bbox 288 4242 866 4332; baseline 0 -22"><span class='ocrx_word' id='word_1_240' title='bbox 288 4244 357 4332; x_wconf 21' lang='grc' dir='ltr'><strong>νε..</strong></span> <span class='ocrx_word' id='word_1_241' title='bbox 370 4245 413 4309; x_wconf 87' lang='lat'>86</span> <span class='ocrx_word' id='word_1_242' title='bbox 437 4242 593 4322; x_wconf 87' lang='lat' dir='ltr'>Abstulit]</span> <span class='ocrx_word' id='word_1_243' title='bbox 619 4242 755 4307; x_wconf 81' lang='lat' dir='ltr'>Sustulit</span> <span class='ocrx_word' id='word_1_244' title='bbox 776 4268 818 4329; x_wconf 69' lang='lat' dir='ltr'>cl.</span> <span class='ocrx_word' id='word_1_245' title='bbox 841 4267 866 4323; x_wconf 83' lang='grc' dir='ltr'>ρ.</span> 
     </span>
     <span class='ocr_line' id='line_1_31' title="bbox 288 4365 808 4450; baseline -0.01 -17"><span class='ocrx_word' id='word_1_246' title='bbox 288 4367 344 4433; x_wconf 89' lang='grc' dir='ltr'>νε.</span> <span class='ocrx_word' id='word_1_247' title='bbox 371 4366 413 4430; x_wconf 83' lang='grc'>90</span> <span class='ocrx_word' id='word_1_248' title='bbox 438 4365 509 4444; x_wconf 87' lang='lat' dir='ltr'>erit]</span> <span class='ocrx_word' id='word_1_249' title='bbox 535 4368 603 4428; x_wconf 85' lang='lat' dir='ltr'>eret</span> <span class='ocrx_word' id='word_1_250' title='bbox 626 4389 665 4450; x_wconf 73' lang='lat'>⁶1·</span> <span class='ocrx_word' id='word_1_251' title='bbox 690 4389 715 4444; x_wconf 87' lang='grc' dir='ltr'>ρ.</span> <span class='ocrx_word' id='word_1_252' title='bbox 743 4371 808 4449; x_wconf 54' lang='lat' dir='ltr'>[op]</span> 
     </span>
     <span class='ocr_line' id='line_1_32' title="bbox 289 4487 753 4570; baseline -0.011 -14"><span class='ocrx_word' id='word_1_253' title='bbox 289 4491 345 4556; x_wconf 90' lang='grc' dir='ltr'>νε.</span> <span class='ocrx_word' id='word_1_254' title='bbox 371 4489 412 4553; x_wconf 92' lang='grc'>91</span> <span class='ocrx_word' id='word_1_255' title='bbox 437 4488 544 4566; x_wconf 90' lang='lat' dir='ltr'>Hunc]</span> <span class='ocrx_word' id='word_1_256' title='bbox 568 4487 642 4551; x_wconf 86' lang='lat' dir='ltr'>Huc</span> <span class='ocrx_word' id='word_1_257' title='bbox 664 4511 703 4570; x_wconf 76' lang='grc'>6,.</span> <span class='ocrx_word' id='word_1_258' title='bbox 728 4509 753 4565; x_wconf 83' lang='grc' dir='ltr'>ρ.</span> 
     </span>
    </p>
   </div>
   <div class='ocr_carea' id='block_1_6' title="bbox 224 4621 410 4637">
    <p class='ocr_par' dir='ltr' id='par_1_7' title="bbox 224 4621 410 4637">
     <span class='ocr_line' id='line_1_33' title="bbox 224 4621 410 4637; baseline 0 -7"><span class='ocrx_word' id='word_1_259' title='bbox 224 4621 410 4637; x_wconf 74' lang='grc'>,-,,.-..-</span> 
     </span>
    </p>
   </div>
   <div class='ocr_carea' id='block_1_7' title="bbox 198 4675 1376 4830">
    <p class='ocr_par' dir='ltr' id='par_1_8' title="bbox 198 4675 1376 4830">
     <span class='ocr_line' id='line_1_34' title="bbox 234 4675 1376 4748; baseline -0.004 -17"><span class='ocrx_word' id='word_1_260' title='bbox 234 4683 261 4748; x_wconf 90' lang='grc'>1)</span> <span class='ocrx_word' id='word_1_261' title='bbox 279 4681 334 4730; x_wconf 81' lang='lat' dir='ltr'>Alie</span> <span class='ocrx_word' id='word_1_262' title='bbox 358 4695 450 4746; x_wconf 87' lang='lat' dir='ltr'>quoque</span> <span class='ocrx_word' id='word_1_263' title='bbox 474 4679 500 4727; x_wconf 93' lang='lat' dir='ltr'>in</span> <span class='ocrx_word' id='word_1_264' title='bbox 525 4694 551 4740; x_wconf 79' lang='grc' dir='ltr'>6ι</span> <span class='ocrx_word' id='word_1_265' title='bbox 579 4679 736 4728; x_wconf 89' lang='lat' dir='ltr'>inueniuntur</span> <span class='ocrx_word' id='word_1_266' title='bbox 751 4693 825 4744; x_wconf 86' lang='lat' dir='ltr'>opere</span> <span class='ocrx_word' id='word_1_267' title='bbox 840 4693 869 4728; x_wconf 89' lang='lat' dir='ltr'>ex</span> <span class='ocrx_word' id='word_1_268' title='bbox 886 4676 1028 4728; x_wconf 85' lang='lat' dir='ltr'>editionibus</span> <span class='ocrx_word' id='word_1_269' title='bbox 1045 4679 1100 4726; x_wconf 83' lang='lat' dir='ltr'>aute</span> <span class='ocrx_word' id='word_1_270' title='bbox 1118 4691 1156 4729; x_wconf 85' lang='lat' dir='ltr'>sn.</span> <span class='ocrx_word' id='word_1_271' title='bbox 1176 4675 1240 4726; x_wconf 81' lang='grc'><strong>1479</strong></span> <span class='ocrx_word' id='word_1_272' title='bbox 1257 4677 1376 4744; x_wconf 85' lang='lat' dir='ltr'>descripte</span> 
     </span>
     <span class='ocr_line' id='line_1_35' title="bbox 198 4761 1325 4830; baseline -0.02 -15"><span class='ocrx_word' id='word_1_273' title='bbox 198 4766 228 4816; x_wconf 83' lang='lat' dir='ltr'>ei.</span> <span class='ocrx_word' id='word_1_274' title='bbox 246 4764 397 4828; x_wconf 75' lang='lat' dir='ltr'>Sedlmayer,</span> <span class='ocrx_word' id='word_1_275' title='bbox 415 4761 490 4811; x_wconf 85' lang='lat' dir='ltr'>Proll.</span> <span class='ocrx_word' id='word_1_276' title='bbox 507 4779 531 4830; x_wconf 92' lang='lat' dir='ltr'>p.</span> <span class='ocrx_word' id='word_1_277' title='bbox 550 4763 590 4811; x_wconf 84' lang='grc'>93.</span> <span class='ocrx_word' id='word_1_278' title='bbox 1322 4789 1325 4792; x_wconf 91' lang='grc'><strong>.</strong></span> 
     </span>
    </p>
   </div>
   <div class='ocr_carea' id='block_1_8' title="bbox 0 0 1673 5284">
    <p class='ocr_par' dir='ltr' id='par_1_9' title="bbox 0 0 1673 5284">
     <span class='ocr_line' id='line_1_36' title="bbox 0 0 1673 5284; baseline 0 0"><span class='ocrx_word' id='word_1_279' title='bbox 0 0 1673 5284; x_wconf 95' lang='lat' dir='ltr'> </span> 
     </span>
    </p>
   </div>
  </div>
 </body>
</html>
