3274 5292
748 468 809 532 101

182 649 268 732 apud
302 645 491 712 Strabonem
527 647 586 712 IX.
624 648 689 714 380
726 648 770 727 (5.
798 649 852 736 14)
884 652 1068 714 narrantem
1091 651 1185 735 'apud
1217 652 1374 736 Pyrrham

181 766 377 832 Phthiotidis
399 769 657 853 promunturium
681 772 759 834 duas
781 769 902 835 insulas
924 793 990 836 esse
1013 771 1107 850 sitas,
1132 783 1266 856 quarum
1285 774 1376 838 alteri

183 889 341 973 Pyrrham
364 889 456 954 alteri
474 890 700 956 Deucalionem
721 913 847 956 nemen.
867 893 1027 958 Indicium
1046 896 1155 958 tamen
1174 894 1272 959 mirae
1290 893 1376 959 illius

185 1010 310 1076 fabulae
340 1011 444 1076 ex'stat
474 1011 508 1075 in
536 1011 644 1096 Etym.
669 1011 811 1081 Florent.
838 1016 901 1079 130
933 1014 1076 1101 (Sohn.):
1102 1016 1294 1095 Λεοκοιρίον·
1320 1010 1377 1081 οἷον

185 1133 287 1213 Πύρροο
320 1132 336 1206 ἢ
366 1135 560 1213 Λεοκοορίων·
594 1138 773 1200 Δευκαλίων
804 1141 837 1201 et
866 1116 1113 1222 EtymiMagn.
1145 1160 1175 1221 p.
1210 1137 1286 1204 561.
1316 1137 1376 1203 54:

184 1254 380 1335 Aavaaplccu·
404 1261 584 1320 Δευκαλίων
605 1255 657 1322 aad
683 1255 757 1321 καθ’
782 1252 943 1339 ὑπέρθεσιν
974 1259 1169 1324 Λεοκοιδίωντ
1194 1261 1279 1324 unde
1302 1280 1377 1344 pro-

185 1376 334 1442 babiliter
358 1378 472 1441 statuit
495 1377 615 1445 Theod.
640 1379 712 1444 Birt
732 1379 827 1464 (Mus.
852 1379 955 1445 Rhen.
981 1379 1125 1447 XXXII.
1147 1403 1178 1464 p.
1201 1380 1280 1467 432)
1300 1381 1378 1445 Ale·
1439 1359 1442 1368 Ι

185 1498 361 1562 xandrinos
392 1498 588 1564 rarissimum
619 1500 680 1564 uiri
711 1521 828 1565 nomen
853 1501 1029 1581 Λεοκορίων
1053 1501 1222 1585 indagasse
1247 1537 1287 1550 -
1312 1501 1378 1566 fer·

186 1622 269 1684 tasse
312 1620 395 1685 circa
435 1618 658 1700 Ambraciam,
692 1622 825 1688 fortasse
858 1623 893 1686 in
929 1623 999 1707 ipsa
1033 1622 1133 1688 Lesbo
1146 1665 1156 1702 χ
1171 1660 1211 1671 -
1248 1644 1380 1708 eamque

187 1741 398 1826 explicaturos
422 1743 624 1828 uarietatem,
650 1767 730 1829 quae
754 1744 847 1809 facile
870 1745 1062 1810 tribueretur
1088 1744 1265 1810 litterarum
1289 1749 1379 1825 ὑπερ·
1458 1837 1459 1840 ¹

187 1863 359 1948 βιβοομῷ,
396 1885 483 1929 noua
518 1865 574 1929 illa
605 1866 644 1931 de
675 1865 869 1931 Deucalione
900 1865 1056 1931 Leucadio
1090 1869 1147 1931 aut
1177 1868 1293 1932 eruisse
1325 1870 1381 1931 aut

186 1984 324 2050 finxisse.

232 2107 281 2173 De
303 2108 387 2174 saltu
410 2111 515 2174 autem
540 2132 557 2175 e
580 2109 717 2176 Leucate
740 2111 963 2196 promunturio
985 2133 1086 2196 pauca
1109 2110 1280 2175 admodum
1305 2111 1382 2174 sunt

187 2234 267 2295 nota
297 2253 400 2316 neque
422 2255 554 2316 usquam
579 2233 640 2297 nisi
663 2234 724 2298 hec
747 2232 817 2298 loco
840 2234 919 2298 haec
942 2233 971 2297 ei
994 2235 1136 2317 potestas
1159 2232 1255 2296 fuisse
1278 2231 1380 2296 tradi·

188 2356 242 2417 tur
271 2357 309 2418 ut
337 2375 476 2419 amorem
509 2377 547 2419 ex
578 2356 705 2439 pectere
736 2355 908 2420 desilientis
930 2355 966 2419 in
989 2354 1087 2418 amati
1108 2353 1247 2418 hominis
1270 2355 1381 2438 pectus

189 2450 455 2542 transfunderet}
484 2475 696 2561 Aliquatenus
737 2480 845 2540 tamen
882 2476 1035 2541 indicium
1076 2476 1142 2540 eius
1180 2475 1225 2540 rei
1265 2475 1381 2539 habere

188 2598 282 2662 nobis
311 2598 456 2662 uidemur
486 2600 571 2683 apud
602 2598 746 2664 Seruium
777 2599 818 2663 ad
850 2598 945 2683 Verg.
978 2598 1046 2664 Ilcl.
1074 2597 1166 2664 VIII.
1193 2596 1251 2661 59:
1278 2601 1384 2683 »qaod

189 2723 276 2807 opud
306 2719 457 2786 Leucaten
481 2722 565 2786 soliti
587 2734 676 2785 creat
699 2743 728 2786 ae
749 2723 970 2809 praecipitare,
997 2725 1053 2807 qai
1070 2733 1126 2786 oct
1148 2743 1218 2784 auos
1236 2731 1382 2807 parentes

189 2844 325 2908 inuenire
349 2844 527 2930 capiebant,
549 2855 604 2906 aut
628 2845 732 2907 amori
749 2844 788 2907 ab
808 2844 855 2907 dia
874 2844 1088 2907 desiderabant
1107 2866 1182 2929 quoa
1202 2839 1381 2906 amabant.”

189 2963 322 3050 Saepius
345 2986 419 3031 uero
443 2965 523 3029 illud
546 2964 719 3029 remedium
743 2987 762 3028 a
784 2965 896 3028 misere
916 2963 1098 3028 amantibus
1118 2985 1184 3028 esse
1203 2962 1383 3027 adhibitum

189 3107 239 3150 res
271 3089 319 3150 est
349 3087 524 3152 notissima.
556 3085 600 3150 Et
630 3087 765 3173 primam
798 3085 926 3171 quidem
957 3085 1053 3151 fuisse
1077 3084 1281 3170 Sapphonem
1304 3106 1384 3169 quae

190 3229 298 3272 amore
328 3229 404 3292 erga
434 3208 597 3273 Phaonem
633 3209 764 3274 incensa
796 3209 834 3274 de
858 3207 1015 3273 Leucadio
1040 3211 1149 3271 monte
1171 3229 1204 3271 se
1227 3205 1383 3292 praecipi·

189 3331 290 3414 taret,
316 3331 414 3394 tradit
437 3330 613 3395 Menander
626 3328 653 3416 ¹)
677 3353 727 3415 ap.
752 3328 940 3394 Strabonem
965 3328 1007 3393 X.
1034 3326 1098 3392 452
1123 3328 1168 3412 (2.
1194 3328 1244 3413 9):

462 3448 496 3516 od
519 3453 554 3525 δὴ
578 3451 710 3528 λέγεται
735 3451 836 3530 πρώτη
863 3454 988 3531 Σαπφὼ

465 3574 515 3638 τὸν
540 3573 731 3651 ὑπέρκομπον
756 3571 879 3652 Sardoo
900 3570 999 3636 <belod

464 3695 617 3776 οῐππρῶνπι
641 3692 728 3774 πόθῳ
752 3697 840 3776 ῥῖψαι
865 3691 982 3774 πέτρος

465 3819 528 3881 dat
552 3821 746 3899 πολεφονοῦς
772 3813 864 3894 ἅλμα
889 3814 962 3880 κοτ’
987 3816 1083 3896 εὐχὴν

465 3940 537 4018 aba,
563 3940 687 4004 δέσποτ’
712 3936 807 4016 ἄναξ,
834 3935 1038 4020 edwardo-‘la

467 4060 591 4138 τέμενος
615 4061 682 4141 περὶ
707 4060 866 4133 Λευκάδος
890 4062 998 4134 alardo.
1015 4057 1042 4146 Β)

230 4317 257 4382 1)
275 4317 400 4375 Meinelre,
420 4317 505 4380 fragm.
523 4332 582 4365 corn.
602 4317 685 4364 Gracc.
705 4316 749 4364 IV.
769 4315 825 4364 158.

229 4399 257 4464 2)
277 4400 312 4449 Cl.
328 4399 425 4448 Seruius
444 4399 473 4446 ed
490 4399 561 4462 Vcrg.
580 4401 639 4447 Aen.
659 4398 712 4446 111.
730 4397 790 4448 274:
812 4413 881 4446 urano
898 4399 927 4445 de
944 4397 986 4445 doc
1002 4398 1104 4445 Leucate
1119 4397 1237 4444 amatores
1250 4408 1274 4441 re
1286 4391 1312 4440 in
1327 4408 1393 4442 mare

194 4482 229 4530 ad
244 4481 413 4530 excludendum
427 4496 527 4530 amorem
537 4481 700 4544 praectpitare
714 4481 867 4530 dicebantur.-
882 4484 912 4528 at
929 4476 1047 4544 ΒορρΙιορι
1063 4493 1123 4542 quae
1140 4476 1177 4524 laia
1194 4475 1249 4524 indo
1265 4474 1387 4524 desiluitff'

194 4561 252 4612 ibid.
276 4562 338 4616 279:
365 4563 465 4612 uPlacn
536 4563 647 4626 femiam
669 4563 694 4610 ia
717 4562 754 4610 rui
777 4577 876 4610 amorem
899 4561 1025 4618 tradebat,
1045 4560 1070 4608 in
1086 4559 1139 4622 quir
1154 4557 1207 4622 fuit
1224 4573 1272 4605 aaa
1287 4573 1348 4620 quae
1363 4558 1393 4607 de

196 4649 276 4694 nana
298 4646 411 4703 Leucate,
435 4661 486 4693 cum
499 4645 578 4708 potiri
594 4644 644 4693 eiua
660 4644 781 4708 nequiret,
798 4643 907 4694 οοὶοοίοοο
924 4659 948 4693 ρο
965 4639 1079 4692 dicitur?
1096 4641 1126 4690 cf.
1145 4642 1234 4690 Ancon.
1252 4640 1312 4706 Cup.
1330 4654 1394 4690 cruc.

199 4743 235 4776 us.
254 4727 299 4786 24,
319 4728 379 4776 Stat.
399 4727 458 4776 Silu.
478 4727 507 4776 V.
527 4729 549 4777 3.
570 4729 629 4785 154;
646 4731 690 4775 oet.
1266 4732 1268 4739 '
