3324 5284
828 438 870 501 58

255 644 387 686 narrare
410 643 452 684 an
481 620 544 685 Ars
568 622 666 688 amat.
689 618 750 684 Ill.
777 620 860 685 769:
893 618 1051 684 Ulteriora
1069 621 1167 704 pudet
1188 621 1330 683 docuisse.
1354 617 1447 682 Diese

251 740 541 825 Einschwiirzung,
574 741 693 807 welche
715 764 791 806 man
814 738 1003 805 hoffentlich
1026 739 1105 803 wird
1129 739 1271 824 nugeben
1295 747 1444 822 miiszen,
1521 778 1525 784 ·
1658 718 1660 797 1

252 862 358 927 11111111
382 865 422 927 da
446 861 575 947 Sappho
595 862 777 947 uberhaupt
796 861 888 926 nicht
908 865 1002 926 unter
1020 861 1070 924 die
1090 859 1251 925 Heroiden
1272 862 1389 946 gehdrt
1403 903 1444 912 -

251 984 333 1050 oet.”
368 984 415 1049 At
446 983 689 1068 primumquod
714 983 791 1048 dicit
815 982 944 1067 Gruppe
968 982 1026 1047 hos
1050 1004 1159 1046 uersus
1181 981 1333 1046 feminam
1356 983 1445 1048 illam

222 1119 224 1124 ·
251 1105 383 1170 minime
406 1108 531 1182 decere,
555 1105 678 1171 obicere
702 1105 782 1170 mihi
805 1105 898 1169 liceat
920 1104 999 1168 alios
1024 1102 1131 1167 Ouidii
1150 1103 1236 1168 locos
1247 1103 1322 1169 huic
1335 1109 1445 1172 nostro

252 1227 448 1305 simillime,
477 1227 722 1312 conferaturque
746 1249 771 1294 e.
785 1247 815 1308 g
841 1226 918 1292 Her.
944 1225 1004 1290 XI.
1031 1225 1072 1290 35
1098 1247 1166 1310 sqq.
1191 1226 1287 1312 (quae
1310 1227 1446 1311 epistula

252 1370 293 1412 ne
317 1371 336 1412 a
359 1348 500 1434 Gruppio
525 1350 652 1434 quidem
672 1350 808 1414 habetur
826 1349 945 1432 spuria)
965 1347 1020 1412 ubi
1039 1347 1190 1411 nimirum
1207 1344 1446 1413 Ganaeemulto

252 1470 348 1535 etiam
370 1471 538 1536 obscenius
563 1471 601 1535 de
624 1493 657 1536 se
682 1471 842 1556 loquitur,
868 1492 963 1554 quarn
987 1469 1040 1534 hio
1064 1467 1210 1554 Sapph03
1235 1469 1350 1534 deinde
1372 1493 1445 1535 uer-

251 1614 304 1656 sus
339 1593 381 1657 45
406 1614 475 1678 sqq.
498 1616 570 1659 cum
596 1616 640 1658 us.
670 1594 735 1658 133
766 1592 923 1658 Ulteriora
941 1595 1040 1680 pudet
1061 1615 1194 1658 narrare
1217 1594 1276 1656 cet.
1300 1611 1446 1676 pugnare

252 1714 401 1794 minime,
435 1716 653 1801 unusquisque
687 1716 742 1799 qui
777 1714 885 1800 paullo
922 1714 1099 1779 accuratius
1136 1735 1202 1778 rem
1233 1715 1443 1799 perspexerit,

250 1837 376 1903 sentiet.
397 1837 555 1903 Pessimos
568 1859 633 1903 non
647 1859 713 1902 esse
726 1837 784 1901 hos
796 1858 906 1902 uersus
919 1858 978 1901 nec
991 1837 1102 1901 ceteris
1115 1836 1280 1902 dissimiles
1293 1836 1445 1920 exemplis

250 1979 267 2021 e
291 1958 485 2022 carminibus
504 1959 603 2043 ipsius
624 1957 731 2023 Ouidii
752 1958 856 2022 allatis
877 1958 1107 2022 demonstrasse
1126 1957 1444 2042 mihiuideor,quod

250 2078 338 2143 ualet
368 2081 553 2164 praesertim
579 2081 617 2144 de
641 2103 688 2146 us.
713 2081 774 2144 46:
800 2079 861 2144 Sed
884 2093 954 2144 tuuc
973 2083 1153 2166 praecipue,
1179 2103 1246 2144 oum
1263 2082 1309 2167 fit
1332 2084 1446 2146 umoris

250 2225 344 2288 opus,
377 2224 471 2286 quem
503 2211 629 2266 uersum
661 2203 792 2287 ingenio
826 2201 934 2265 Ouidii
964 2201 1050 2265 haud
1073 2201 1243 2285 indignum
1268 2201 1370 2267 dicere
1393 2203 1445 2266 uel

251 2324 362 2388 contra
394 2323 572 2408 Gruppium
605 2323 712 2388 nullus
744 2322 865 2389 dubito.
899 2322 1085 2387 Rectissime
1116 2344 1242 2408 quoque
1268 2324 1445 2408 comparari

249 2447 386 2529 possunt
406 2468 466 2511 uss.
489 2445 622 2511 49-50
644 2468 714 2511 oum
734 2444 811 2510 Her.
833 2444 922 2510 XIV.
944 2445 1005 2523 42,
1026 2445 1053 2509 si
1074 2466 1145 2509 oum
1165 2444 1311 2509 Palmero
1330 2445 1443 2525 facias,

249 2571 398 2651 peracute
409 2568 454 2632 ibi
467 2571 673 2633 emendante:
692 2567 832 2654 Quaeque
843 2569 899 2633 tibi
910 2571 1064 2644 dederam,
1082 2568 1174 2654 pleno
1186 2569 1305 2654 soporis
1317 2566 1443 2652 crautl).
1518 2634 1521 2639 ,

295 2689 461 2754 Praeterea
480 2690 560 2754 miro
581 2661 772 2754 satis-modo
793 2689 923 2774 Gruppe
944 2688 1021 2753 dicit
1040 2710 1106 2752 non
1127 2689 1285 2772 pertinere
1297 2687 1444 2774 Sappho-

249 2833 322 2876 nem
347 2812 386 2876 ad
410 2811 568 2876 Heroinas
593 2812 764 2877 fabulosas.
800 2810 918 2876 Nonne
943 2811 1029 2875 enirn
1052 2811 1120 2896 ipse
1143 2810 1276 2875 Ouidius
1301 2810 1443 2876 1111111.

252 2935 312 3017 18,
347 2955 393 2998 us.
433 2934 475 2996 26
512 2933 679 3019 epistulam
715 2933 861 3019 Sapphus
895 2933 930 2996 in
959 2953 1091 2997 nurnero
1117 2932 1336 3017 »Heroidum’f
1361 2956 1380 2997 a
1411 2957 1443 2998 se

249 3055 418 3139 scriptam,
450 3053 718 3139 Sapphonemque
748 3056 848 3140 igitur
878 3077 896 3118 a
928 3075 960 3118 se
994 3075 1066 3119 eum
1097 3053 1247 3119 Heroinis
1276 3055 1340 3120 illis
1366 3076 1443 3120 con-

248 3176 390 3240 iunctam
419 3197 485 3240 esse
518 3176 633 3240 diserte
656 3180 815 3241 testatur?
839 3176 1036 3241 Monendum
1060 3179 1169 3240 tamen
1194 3180 1241 3240 est
1265 3176 1444 3261 Gruppium

248 3298 295 3384 (in
331 3298 431 3365 Aeaco
463 3322 492 3384 p.
532 3300 609 3384 144)
646 3302 746 3364 totam
781 3299 868 3363 illam
904 3299 1038 3384 elegiam
1068 3300 1142 3365 Am.
1175 3299 1219 3364 Il.
1253 3299 1294 3364 18
1328 3298 1443 3364 Ouidio

248 3420 446 3486 abiudicare:
473 3443 536 3505 qua
559 3422 593 3484 in
617 3443 651 3486 re
675 3444 746 3486 cum
767 3422 852 3485 haud
875 3444 984 3496 uerear
1008 3444 1049 3486 ne
1073 3422 1240 3507 quisquam
1263 3421 1312 3486 illi
1336 3445 1444 3487 assen-

247 3544 364 3622 tiatur,
386 3544 448 3607 iam
481 3564 547 3606 non
575 3544 711 3627 amplius
734 3565 984 3622 commoremur,
1009 3566 1081 3608 cum
1103 3545 1289 3640 praesertim
1313 3549 1345 3608 et
1368 3543 1444 3609 alibi

248 3664 452 3749 Sapphonem
485 3666 674 3731 collocatam
700 3667 864 3730 uideamus
886 3667 971 3731 inter
993 3666 1205 3749 »Heroinas’',
1232 3667 1334 3731 ueluti
1358 3668 1443 3750 apud

246 3784 370 3853 Auson.
396 3787 508 3872 Epigr.
533 3787 601 3853 Xe.
630 3788 689 3865 133
716 3786 796 3873 Cup.
823 3810 907 3853 crue.
933 3789 985 3852 24.

292 3907 428 3975 Easdem
463 3910 521 3975 has
556 3912 597 3976 ob
632 3932 742 3976 causas
776 3911 908 3975 minime
940 3933 1006 3976 esse
1037 3912 1273 3977 assentiendum
1304 3913 1438 3990 iudicio,

246 4033 331 4118 quod
366 4034 554 4100 (11111149
580 4055 626 4119 sq.
651 4033 727 4099 fecit
751 4033 872 4098 Teuffel
897 4035 939 4120 (u.
965 4037 1006 4098 ad
1028 4057 1074 4100 us.
1100 4035 1175 4120 24),
1201 4054 1267 4098 non
1291 4055 1370 4119 opus
1394 4038 1443 4100 est

247 4157 284 4219 ut
305 4154 450 4240 pluribus
475 4156 686 4220 ostendamus.

292 4336 349 4404 Vs.
372 4338 424 4402 51.
443 4337 538 4404 Nvuc
561 4359 627 4402 1111
646 4338 821 4405 8111111111
835 4359 976 4403 11111111
992 4359 1077 4404 nova
1092 4359 1218 4403 1111111
1232 4340 1440 4408 auriniaci.

245 4458 319 4523 Am.
343 4459 370 4523 Ι.
397 4461 427 4524 2.
454 4460 513 4525 191

245 4569 439 4587 m

281 4594 307 4657 l)
335 4595 407 4642 Recte
433 4595 497 4644 enirn
523 4601 607 4646 contra
636 4596 835 4662 Shnclrburghum
861 4598 967 4646 defendit
994 4615 1046 4648 eam
1076 4599 1264 4648 emendationem
1290 4599 1438 4664 Sedlmayer,

247 4675 314 4724 Krec.
335 4677 463 4728 Oomruout.
480 4680 523 4728 oet.
542 4695 565 4743 p.
587 4679 625 4728 td.
