3274 5292
758 429 821 494 115

226 612 322 678 Hunc
352 634 478 677 uersum
511 612 575 676 213
600 615 676 676 ante
699 612 807 677 oculos
829 611 976 677 habuisse
999 612 1163 677 Musaeum
1189 613 1248 697 (us.
1275 611 1374 697 249):

320 731 508 810 Ἀγνώσσεις
534 728 579 798 ὅτι
605 731 718 814 Κύπρις
742 733 914 814 ἄπόσπορός
940 735 1005 799 ἔστι
1031 731 1219 808 θαλάσσης,

322 855 381 920 Kal
407 853 527 933 κρατέει
553 855 671 919 πόντοιο
697 893 737 903 -

186 977 301 1041 statuit
323 976 503 1061 Lennepius
526 977 560 1042 in
584 999 698 1044 comm.
723 981 764 1042 ad
788 978 819 1043 h.
843 978 865 1042 l.
891 977 1005 1044 Melius
1027 981 1135 1043 tamen
1159 981 1227 1043 erat
1246 999 1376 1062 compa-

185 1098 304 1162 randus
326 1120 373 1162 us.
399 1099 459 1177 24,
483 1097 558 1163 Her.
585 1099 668 1164 XV:

410 1220 450 1284 In
475 1242 560 1286 mare
585 1221 736 1286 nimirum
759 1221 809 1286 ius
832 1221 930 1286 habet
951 1223 1022 1286 orta
1045 1222 1137 1286 mari.

229 1464 286 1530 Vs.
311 1465 386 1531 214.
418 1464 643 1534 Avansnnsrr
675 1465 821 1545 cvasuu,
852 1487 892 1530 rr
923 1487 1011 1534 nono
1044 1487 1145 1532 sorve
1182 1487 1301 1533 rursu.
1324 1466 1382 1536 of,

184 1586 259 1652 Her.
287 1587 362 1652 VII.
391 1588 473 1652 171:

322 1706 402 1775 Cum
427 1711 516 1774 dabit
541 1733 618 1775 aura
640 1711 742 1789 niam,
766 1709 931 1796 praebebis
954 1710 1084 1776 carbasa
1105 1711 1220 1776 uentis.

186 1830 263 1898 Her.
289 1831 417 1898 XVIII.
444 1831 504 1900 52:

179 2011 181 2017 .
459 1952 505 2018 Ut
527 1954 588 2018 tibi
611 1955 664 2018 det
686 1955 792 2020 faciles
816 1929 903 2020 utilis
928 1978 1005 2020 aura
1028 1955 1106 2020 uias.

185 2096 223 2140 ex
247 2075 343 2142 Pont.
367 2075 423 2140 IV.
451 2076 482 2140 9.
509 2077 569 2148 73;
592 2076 669 2144 Met.
690 2076 781 2144 VIII.
805 2079 824 2141 3
845 2077 939 2162 (dant
958 2076 1222 2162 placidi'cursum
1242 2077 1378 2142 redeun-

186 2196 272 2262 tibus
297 2199 420 2285 austri).

229 2317 279 2383 Ex
302 2319 352 2384 his
374 2319 474 2404 igitur
496 2321 649 2406 exemplis
673 2324 805 2407 apparet
829 2321 926 2387 uerba
954 2319 1045 2386 Aura
1069 2323 1157 2387 datu
1178 2346 1301 2387 cursum
1322 2344 1378 2408 per

183 2461 216 2504 se
238 2441 358 2526 optime
381 2455 448 2507 esse
465 2443 559 2508 dicta.
586 2442 632 2506 At
655 2444 771 2508 mirum
795 2443 962 2528 minusque
988 2445 1110 2508 rectum
1132 2441 1211 2507 mihi
1231 2443 1379 2520 uidetur,

183 2563 268 2647 quod
289 2563 392 2628 media
407 2564 491 2629 inter
512 2563 669 2629 Venerem
691 2569 723 2628 et
744 2562 953 2648 Cupidinem,
973 2564 1099 2629 Phaoni
1112 2564 1259 2629 redeunti
1271 2565 1380 2628 fauen-

180 2686 245 2767 tes,
283 2685 468 2752 nominatur
502 2711 599 2763 auru,
640 2686 764 2750 felicem
800 2708 926 2752 cursum
957 2688 1082 2751 datura.
1137 2686 1273 2752 Matrem
1307 2685 1373 2751 Ve-

190 2829 299 2871 nerem
331 2808 439 2873 statim
471 2809 560 2893 sequi
591 2809 727 2873 debebat
756 2808 842 2874 filius
873 2807 1015 2894 Cupido:
1044 2831 1138 2874 aurae
1160 2808 1289 2874 fautrici
1313 2831 1380 2873 non
1429 2844 1435 2848 -

192 2932 260 2994 erat
290 2929 343 2996 hic
369 2929 467 2996 locus.
500 2930 635 2997 Accedit
658 2934 744 3016 quod
767 2933 854 2997 dubit
877 2932 985 2996 eodem
1011 2953 1120 2997 uersus
1142 2931 1213 2997 loco
1237 2931 1376 3015 positum

191 3051 309 3136 legitur
338 3051 373 3116 in
400 3055 600 3136 pentametro
624 3053 822 3138 insequenti,
846 3075 927 3137 qnae
949 3053 1077 3137 quidem
1101 3052 1229 3117 iteratio
1242 3029 1380 3117 ⁴minime

192 3173 241 3236 est
269 3172 399 3258 elegans
429 3195 487 3238 nec
518 3173 603 3239 bono
634 3177 730 3259 poeta
760 3175 869 3259 digna.
899 3173 1020 3249 Quibus
1044 3173 1250 3239 consideratis
1273 3173 1308 3237 in
1331 3173 1382 3236 his

192 3294 357 3360 uocabulis
381 3293 474 3360 Auru
496 3298 583 3361 datu
605 3320 728 3360 cursum
751 3316 889 3360 errorem
912 3293 1011 3359 latere
1032 3295 1185 3378 suspicor.
1209 3291 1381 3359 uonunere

194 3416 370 3482 cadebant
393 3417 530 3502 aliquid,
554 3418 639 3502 quod
663 3440 682 3481 a
706 3417 829 3482 Venere
847 3418 1047 3502 procuretur.
1070 3415 1178 3481 Venus
1198 3414 1381 3480 amantibus

193 3543 353 3625 praestare
377 3540 459 3605 solet
479 3563 583 3618 mare,
607 3541 629 3604 i.
654 3562 680 3604 e.
702 3563 788 3605 mare
808 3540 885 3605 mite
904 3561 941 3604 ac
958 3541 1117 3624 pacatum.
1139 3537 1200 3603 Sed
1219 3541 1383 3622 praeterea

194 3683 275 3747 opus
299 3665 368 3726 erat
389 3666 488 3727 uento
510 3662 647 3727 seeundo
669 3664 703 3726 et
724 3683 819 3727 cursu
846 3661 938 3726 felici.
963 3658 1051 3725 Haeo
1075 3659 1137 3724 tria
1160 3659 1187 3724 si
1210 3659 1382 3723 nominan-

193 3786 263 3863 tur,
288 3785 366 3850 tune
389 3784 516 3849 demum
540 3784 700 3849 sententia
723 3782 887 3848 exhibebit
911 3805 966 3860 ea,
990 3804 1072 3867 quae
1093 3781 1270 3867 exspectari
1291 3783 1382 3866 pote·

192 3909 276 3972 rant.
313 3905 529 3991 Quapropter,
553 3905 752 3971 coniecturae
771 3905 906 3970 fortasse
928 3904 1117 3990 indulgens,
1142 3905 1213 3981 sed,
1234 3906 1271 3967 ut
1291 3923 1383 3987 spero

193 4050 261 4093 non
283 4028 379 4094 nimis
402 4029 601 4106 temerariae,
624 4049 738 4114 rogare
761 4027 856 4093 uelim
881 4050 923 4092 an
936 4026 1090 4091 nonolim
1103 4023 1382 4111 seriptumfuerit:

237 4149 332 4216 Solae
351 4155 465 4217 ratem:
490 4150 600 4216 Venus
622 4153 692 4215 orta
711 4148 790 4214 mari
813 4173 899 4216 mura
918 4162 1062 4237 maceret
1084 4150 1223 4223 amanti,

282 4272 464 4362 Aurumque
486 4286 515 4339 et
536 4297 680 4339 cursum:
703 4274 739 4336 tu
763 4275 857 4336 modo
881 4271 969 4336 solue
991 4271 1108 4336 ratem!

237 4394 344 4461 Facile
367 4398 474 4461 antem
485 4396 563 4460 haec
574 4397 671 4461 uerba
682 4397 833 4479 poterant
844 4393 1003 4478 corrumpi
1014 4440 1021 4470 ,
1034 4391 1198 4458 uocabulis
1212 4414 1269 4478 que
1284 4393 1381 4476 atque

194 4531 224 4585 et
246 4539 302 4603 per
324 4517 549 4604 compendium
573 4517 715 4601 scriptis,
739 4520 771 4580 et
793 4515 915 4579 librarii
939 4512 1030 4579 oculo
1055 4515 1095 4577 ad
1118 4511 1200 4578 illud
1224 4515 1312 4579 dubit
1333 4534 1384 4576 se·

196 4641 325 4726 quentis
347 4639 540 4725 pentametri
563 4639 741 4703 aberrante.
