3274 5292
741 394 803 456 155

719 664 820 777 unc

176 932 178 938 .
219 965 298 1032 Tab.
322 964 463 1029 Bantius
486 987 530 1029 us.
562 965 619 1028 12:
655 964 696 1027 In
718 965 842 1048 suaepis
864 964 939 1030 ionc
963 965 1056 1030 fortis
1080 966 1202 1032 meddis
1214 969 1368 1034 moltaum

174 1087 280 1153 hereat
312 1089 371 1172 (Et
401 1091 497 1174 siquis
525 1111 595 1153 cum
624 1086 718 1151 fortis
749 1091 952 1172 mapictratcs
983 1090 1117 1154 multare
1140 1093 1234 1178 uolet)
1261 1113 1372 1157 rosels

175 1213 208 1273 et
238 1230 255 1273 e
286 1209 366 1292 legis
390 1209 548 1273 sententia
569 1213 601 1273 ct
625 1231 641 1273 e
666 1209 813 1274 uocabuli
836 1209 940 1274 forma
963 1211 1057 1275 aliter
1082 1212 1235 1296 explicari
1260 1214 1373 1298 nequit

174 1352 271 1414 quam
293 1352 350 1414 per
372 1329 524 1394 Latinum
542 1331 673 1416 fortius.
699 1330 914 1418 (Buecheler).

735 1580 816 1653 XX.

219 1842 403 1927 Appellatio
431 1855 540 1928 putres
570 1844 735 1928 conscripti
764 1864 782 1905 a
815 1841 856 1908 V.
887 1839 936 1908 Ol.
965 1841 1113 1906 Willems
1138 1845 1222 1907 recte
1245 1842 1290 1906 ita
1314 1864 1368 1906 ex-

174 1966 328 2050 plicatur,
362 1968 399 2028 ut
423 1985 489 2028 non
513 1964 555 2029 sit
574 1977 683 2051 patres
706 1965 946 2050 conscriptique,
970 1963 1024 2026 sed
1044 1977 1153 2049 patres
1176 1963 1257 2047 (cibo
1281 1986 1367 2028 ecnu-

175 2089 269 2173 tocio)
294 2089 467 2173 conscripti.

722 2335 824 2409 XXI.

218 2597 268 2661 Ex
303 2595 368 2664 Oic.
404 2596 490 2663 Lael.
523 2597 598 2662 VII.
629 2597 690 2662 24:
723 2598 867 2661 »euntes
902 2597 1100 2680 plaudebant
1134 2596 1168 2660 in
1205 2617 1239 2660 re
1271 2593 1370 2659 ficta’'

174 2717 280 2782 minus
308 2722 393 2783 recte
417 2718 552 2783 efficitur
575 2718 737 2783 Remanos
761 2717 818 2781 illa
841 2721 944 2782 aetate
967 2721 1106 2796 stantes,
1133 2739 1199 2782 non
1223 2719 1369 2783 sedentes

175 2839 363 2932 spectaculis
386 2839 576 2905 interfuisse.

713 3089 835 3162 XXII.

220 3350 380 3435 Imagines
413 3348 526 3416 leuiter
560 3351 689 3415 tantum
724 3350 821 3415 rubro
856 3352 960 3416 colore
993 3350 1167 3415 delineatae
1198 3350 1233 3414 in
1264 3349 1369 3435 lapide

182 3471 350 3556 sepulcrali
383 3471 485 3537 Musei
518 3471 681 3537 Leidensis
715 3472 741 3536 Ι.
774 3474 836 3538 281
871 3473 978 3537 minus
1007 3476 1091 3537 recte
1122 3472 1305 3538 Ianssenius
1335 3472 1370 3535 in

176 3590 279 3658 Oatal.
304 3594 391 3659 Mon.
417 3592 529 3660 Graec.
554 3594 644 3658 Rom.
672 3593 741 3660 Etr.
766 3593 850 3660 Mus.
871 3593 959 3659 Leid.
980 3617 1010 3678 p.
1035 3593 1079 3658 43
1101 3593 1149 3657 ita
1171 3593 1309 3678 explicat
1333 3615 1369 3658 ac

176 3716 203 3779 si
233 3721 338 3781 essent
368 3738 454 3781 mera
484 3716 695 3794 lineamenta,
729 3705 927 3800 adquorum
952 3736 1097 3780 normam
1123 3716 1266 3800 sculptor
1288 3737 1370 3800 opus

176 3859 268 3902 suum
293 3837 493 3902 conformare
516 3838 654 3903 deberet.
749 3906 752 3912 ,
