3274 5292
755 419 818 483 103

114 677 116 682 Ι
185 598 363 684 Bulagoras
386 604 493 664 tamen
516 600 748 685 Phanagorites
771 604 804 664 et
826 600 980 684 Rhodope
1000 599 1151 664 Amisene
1171 600 1291 664 frustra
1303 604 1380 665 sunt

186 720 308 805 experti
340 719 473 806 saltum3
506 723 638 806 uterque
667 721 753 786 enim
787 721 822 785 in
851 744 887 787 eo
919 725 968 786 est
997 724 1150 786 mortuus.
1176 721 1244 787 Nec
1266 722 1378 788 melior

186 841 305 925 obtigit
334 863 402 906 sors
435 841 575 908 Charino
602 842 780 908 iamborum
805 847 934 928 poetae,
960 844 1110 928 quicum
1134 844 1248 909 insano
1272 843 1378 910 Erotis

185 985 292 1028 amore
316 967 427 1048 captus
450 965 485 1028 in
510 965 590 1029 mari
614 965 788 1042 mersisset,
812 965 913 1030 fracto
932 986 1023 1029 crure
1043 966 1083 1029 ad
1102 964 1178 1030 litus
1196 968 1245 1030 est
1263 966 1377 1050 appul-

186 1106 239 1148 sus
261 1084 369 1169 ibique
390 1084 497 1150 dolore
517 1085 681 1150 confectus
700 1087 790 1151 obiit.
812 1085 1002 1150 Felicissime
1021 1090 1133 1151 contra
1152 1086 1260 1150 euenit
1280 1084 1378 1151 Nirec

186 1205 311 1270 cuidam
343 1203 502 1284 (laternae,
535 1208 589 1290 qui
619 1229 677 1292 per
706 1230 777 1272 eum
807 1208 923 1272 saltum
955 1229 1021 1271 non
1051 1206 1152 1272 solum
1185 1210 1232 1272 est
1262 1207 1379 1272 amoris

186 1328 275 1390 aestu
307 1326 477 1406 liberatus,
509 1329 562 1392 sed
596 1329 691 1402 etiam
724 1328 839 1392 incidit
869 1328 903 1391 in
934 1332 1018 1405 rete,
1047 1327 1081 1391 in
1114 1349 1177 1411 quo
1207 1329 1287 1392 cista
1310 1331 1379 1392 erat

186 1448 256 1512 auri
279 1448 375 1532 plena
388 1447 432 1536 ll:
457 1449 581 1533 dequo
604 1450 710 1534 lepida
731 1450 842 1514 fabula
864 1473 883 1514 a
906 1450 1087 1515 Ptolemaeo
1110 1453 1268 1514 narratur.

232 1568 279 1633 At
309 1575 391 1635 non'
407 1573 527 1649 solum,
561 1573 615 1656 qui
647 1573 760 1637 misem
800 1593 906 1637 amore
935 1572 1142 1657 laborabant,
1180 1593 1213 1636 se
1248 1573 1286 1636 de
1320 1572 1376 1636 illo

187 1693 409 1775 promunturio
434 1694 627 1760 deiciebant:
648 1716 717 1759 mos
740 1695 834 1758 etiam
858 1733 899 1742 —
922 1694 1039 1758 utiam
1060 1693 1313 1778 supradiximus
1334 1731 1375 1741 -

187 1817 256 1878 erat
284 1815 319 1879 in
341 1814 504 1900 Apollinis
535 1816 624 1881 cultu
656 1817 840 1894 institutus,
864 1819 902 1881 ut
924 1815 1098 1901 quotannis
1121 1836 1239 1880 nocens
1262 1815 1376 1899 aliquis

185 1935 282 2000 homo
301 1937 379 2001 mali
397 1938 629 2003 auerruncandi
647 1939 752 2023 gratia
763 1939 837 2002 inde
848 1939 883 2002 in
896 1960 982 2001 mare
993 1937 1255 2022 praecipitaretur
1269 1937 1312 2021 ²);
1326 1937 1376 2001 oui

185 2060 312 2142 tamen,
337 2081 378 2122 ne
402 2059 589 2123 obrueretur
616 2059 781 2136 fluctibus,
806 2058 934 2143 plumae
958 2062 990 2122 et
1013 2080 1087 2123 aues
1111 2057 1373 2142 subligabantur‚

186 2200 320 2262 quarum
350 2179 460 2244 uolatu
491 2180 710 2245 subleuaretur
737 2181 852 2255 saltus;
877 2179 963 2243 infra
986 2181 1093 2244 autem
1117 2179 1334 2262 excipiebatur
1356 2201 1376 2242 a

187 2300 296 2365 multis
320 2301 504 2367 hominibus
527 2302 562 2365 in
586 2301 744 2366 nauiculis
768 2301 928 2386 dispositis
955 2303 989 2364 et
1011 2304 1168 2385 quantum
1193 2299 1260 2364 fieri
1282 2303 1374 2385 pote-

186 2425 237 2486 rat
259 2423 366 2508 saluus
390 2427 480 2488 extra
503 2425 642 2489 ciuitatis
665 2423 745 2488 fines
770 2423 984 2488 deducebatur
1008 2422 1147 2508 (Strabc,
1171 2422 1214 2487 X.
1237 2446 1268 2507 p.
1283 2421 1373 2508 452).

231 2542 378 2609 Fortasse
409 2550 440 2610 et
470 2547 719 2611 inueniebantur
742 2546 797 2631 qui
822 2548 862 2610 ad
886 2545 1101 2630 expiationem
1124 2545 1212 2608 illam
1235 2544 1374 2610 subeune

187 2665 260 2729 dam
291 2688 324 2730 se
355 2670 572 2752 auctorarent,
606 2668 618 2732 i
654 2689 680 2733 e.
707 2690 739 2732 se
760 2668 851 2752 quasi
874 2668 1049 2732 uenderent
1056 2687 1064 2744 ;
1091 2687 1171 2750 quae
1195 2667 1302 2730 tamen
1326 2686 1376 2730 res

185 2787 221 2850 in
253 2788 350 2852 dubio
378 2792 530 2854 uersatur.
554 2789 657 2854 Locus
680 2789 765 2853 euim
789 2789 844 2852 ubi
866 2789 898 2852 id
923 2788 1060 2852 traditur
1084 2785 1186 2873 (Seru.
1212 2787 1252 2851 ad
1276 2785 1374 2871 Verg.

188 2906 270 2974 Aen.
303 2909 362 2974 Ill.
398 2911 476 2992 279)
498 2911 584 2975 uarie
608 2911 726 2995 legitur
749 2913 781 2974 ct
804 2910 994 2994 explicatur,
1018 2910 1065 2973 ita
1088 2912 1126 2972 ut
1149 2908 1315 2974 diiudicari
1337 2909 1376 2972 dc

188 3051 225 3093 ea
249 3052 282 3094 re
306 3033 452 3115 nequeat.
477 3030 578 3096 Addit
601 3036 707 3097 autem
731 3032 858 3098 Seruius
876 3033 897 3096 1.
912 3032 933 3096 l.
955 3031 1023 3096 fieri
1041 3030 1132 3095 illum
1158 3030 1275 3094 saltum
1298 3051 1374 3116 pro-

186 3153 258 3234 pter
288 3151 448 3216 Leucaten
480 3155 649 3237 quemdam
680 3176 814 3238 puerum
846 3154 919 3238 qui,
944 3174 1015 3217 cum
1043 3153 1160 3238 Apollo
1185 3175 1256 3217 eum
1280 3153 1377 3217 uellet

186 3293 313 3355 rapere,
345 3273 380 3336 in
412 3295 498 3338 mare
528 3274 603 3338 indo
632 3297 665 3338 se
696 3275 863 3359 proiecerit
885 3277 1089 3358 montemque
1112 3294 1291 3359 cognomen
1314 3272 1376 3337 sibi

185 3394 306 3459 fecerit.

233 3514 366 3580 Photius
398 3517 533 3601 denique
565 3519 623 3583 sub
655 3541 685 3581 u.
711 3518 873 3592 Λευκάτης
898 3520 1009 3582 narrat
1030 3518 1116 3603 ipsos
1139 3515 1300 3601 Apollinis
1324 3537 1375 3581 sa-

185 3637 326 3702 cerdotes
358 3658 391 3700 se
418 3638 537 3702 abillo
562 3639 783 3723 promunturio
807 3639 926 3704 deicere
950 3639 1059 3703 solitos
1082 3638 1189 3702 fuisse.
1215 3637 1305 3714 Quod
1325 3640 1375 3702 ta·

186 3780 260 3822 men
293 3781 334 3822 an
363 3780 473 3823 reuera
507 3759 553 3822 ita
586 3760 628 3824 sit
662 3759 802 3838 factum,
827 3760 958 3824 minime
980 3761 1125 3828 constat:
1150 3760 1267 3824 mutati
1290 3759 1375 3823 enim

181 3899 223 3942 -eo
248 3878 318 3944 loco
342 3903 361 3944 a
384 3880 549 3946 nonnullis
574 3884 650 3946 sunt
671 3882 756 3960 ἱερεῖς
781 3882 816 3944 in
840 3880 984 3962 ἐραστάς.

194 4093 375 4101 -—-.——..

219 4240 245 4300 l)
264 4239 330 4288 Miro
353 4240 423 4288 modo
446 4240 556 4289 Hardiou
580 4239 615 4288 ll
640 4256 663 4304 p.
681 4241 730 4290 260
747 4255 776 4288 cx
793 4240 837 4288 hac
852 4239 932 4288 fabula
948 4239 1042 4290 studuit
1058 4242 1148 4288 efficere
1164 4236 1284 4302 Apollinis
1300 4252 1376 4285 mcer-

185 4322 253 4370 dotes
269 4321 413 4379 instituisse,
433 4325 460 4370 ut
477 4321 518 4387 qui
535 4322 609 4370 saltus
625 4322 760 4386 periculum
778 4322 853 4370 facere
870 4321 974 4378 nollent,
992 4321 1096 4371 remedio
1112 4324 1192 4369 tamen
1207 4319 1273 4368 illius
1281 4321 1376 4384 possent

185 4403 248 4461 frui,
271 4403 291 4451 si
309 4419 419 4467 maguam
436 4404 548 4468 pecuniae
564 4419 681 4453 summam
698 4404 723 4454 in
741 4419 806 4452 mere
823 4404 930 4453 iecissent
936 4427 942 4462 ς
961 4420 1021 4468 quae
1037 4402 1126 4452 scilicet
1142 4404 1223 4466 postea
1240 4417 1254 4449 a
1270 4401 1376 4450 sacerdo·

185 4485 249 4535 tibus
267 4486 415 4550 exciperetur
433 4502 446 4534 e
463 4485 524 4535 meri
540 4488 565 4535 et
583 4486 608 4534 iu
625 4487 731 4552 ipsorum
749 4503 819 4536 usum
837 4489 1025 4536 conuerteretur.

220 4568 247 4632 2)
264 4570 318 4633 Quo
338 4571 428 4632 spectat
444 4585 464 4616 e.
482 4585 504 4632 g.
523 4569 569 4617 0u.
589 4569 660 4618 Trist.
679 4569 708 4618 V.
727 4569 749 4618 2.
768 4568 812 4621 76:
837 4570 881 4618 Vel
890 4570 963 4634 freta
979 4567 1093 4616 madii
1108 4566 1196 4615 mittar
1211 4565 1237 4614 in
1254 4569 1309 4616 alta
1324 4567 1375 4624 dcl,-

187 4650 252 4699 rut.
269 4650 299 4698 V.
319 4650 376 4706 630,
397 4653 441 4698 cet.
