3274 5292
749 421 812 486 135

319 602 472 686 Quodque
495 607 607 668 tenens
631 603 775 668 strictum
800 603 883 668 Dido
907 604 1095 669 miserabilis
1119 627 1225 670 ensem

363 721 475 801 Dicet,
500 725 533 787 et
556 722 688 788 Aeoliae
712 723 821 788 Lesbis
844 724 946 790 amice
968 724 1056 808 lynce
1081 763 1121 774 —

182 845 222 908 de
245 843 361 927 quibus
383 843 482 909 dixit:
508 844 723 910 ›Jedermcnn
748 845 827 910 wird
847 846 1008 930 zugeben‚
1030 847 1104 912 dcsz
1124 868 1157 912 es
1177 848 1232 913 des
1251 847 1373 915 Nettir-

180 964 296 1030 lichste
327 969 428 1043 utre,
459 965 511 1029 die
543 965 657 1030 Worte
689 979 790 1032 tenens
820 969 960 1033 strictum
991 991 1089 1032 ensem
1120 968 1202 1033 euch
1232 968 1292 1033 euf
1310 972 1373 1034 den

181 1085 385 1150 Pentemeter
408 1086 474 1150 und
497 1085 630 1171 folglich
654 1087 712 1151 euf
731 1087 801 1151 eine
824 1086 973 1152 iihnliche
990 1085 1150 1153 Situction
1169 1089 1224 1154 der
1244 1087 1372 1175 Sappho

180 1206 215 1270 in
246 1209 317 1270 dem
348 1227 413 1271 von
444 1205 526 1272 Ouid
556 1207 702 1271 wirklich
726 1207 973 1291 geschriebenen
997 1207 1103 1273 Bricfe
1126 1232 1165 1273 zu
1188 1209 1371 1278 bozichen''.

181 1326 348 1392 Refutsuit
370 1326 447 1392 heec
469 1326 555 1392 haud
578 1327 706 1412 illepide
731 1327 825 1393 Vites
850 1327 945 1393 Locro
969 1329 1016 1414 (in
1040 1328 1122 1394 Mus.
1147 1330 1250 1395 Rhen.
1275 1331 1317 1399 N.
1339 1331 1371 1398 S.

179 1447 239 1513 IV.
264 1471 295 1532 p.
320 1449 389 1535 42),
420 1449 596 1513 concedens
626 1451 728 1512 totam
759 1449 848 1513 illem
873 1449 1057 1533 opinionem
1080 1472 1208 1535 prorsus
1231 1455 1315 1516 necte
1339 1475 1372 1518 se

179 1568 313 1648 hebere,
337 1572 432 1634 modo
454 1591 513 1654 pno
533 1573 590 1635 dae
610 1569 824 1636 Natdrliehete
844 1571 1001 1655 legeretur
1018 1574 1076 1636 dae
1102 1571 1371 1640 descendente!

179 1689 228 1757 cf.
252 1690 348 1754 etiem
374 1691 399 1757 I.
424 1691 566 1775 Mechly‚
597 1691 679 1758 Μιιι.
705 1691 809 1755 Rhen.
834 1692 894 1757 IX.
919 1715 950 1776 p.
977 1693 1053 1760 624.

676 1941 865 1954 ῌ--ῥ-

662 2116 805 2183 OAPVT
827 2117 886 2183 IV.

222 2297 336 2363 Paucis
360 2299 453 2363 annis
476 2302 645 2384 postquem
668 2297 888 2364 Schneidewin
910 2297 1057 2384 Sapphus
1080 2301 1235 2384 epistulae
1257 2305 1368 2368 aucto·

176 2419 305 2484 ritatem
336 2423 369 2484 ιι
398 2420 493 2486 fidem
525 2425 591 2502 tem
623 2421 736 2486 aeriter
758 2421 965 2505 impugnaret
988 2442 1121 2506 eamque
1146 2421 1187 2486 eb
1209 2422 1371 2490 imitatore

177 2540 314 2624 quodem
339 2541 373 2604 in
394 2562 512 2605 morem
532 2540 726 2606 Ouidianum
744 2542 893 2626 scriptam
912 2564 978 2607 ιιιι
998 2545 1217 2622 memoraret,
1236 2545 1369 2628 pedibus

175 2661 236 2726 iuit
266 2663 300 2726 in
331 2661 417 2727 illie·
450 2663 640 2728 sententium
672 2662 914 2742 Ιιιιιιιιιιιιιιιιιιι,
943 2664 1055 2748 quiin
1079 2667 1157 2729 noto
1180 2665 1237 2730 illc
1260 2665 1369 2732 Indice

175 2782 316 2848 Lection.
350 2783 500 2850 Vniuers.
532 2783 636 2850 Berol.
669 2787 745 2850 dest.
781 2783 867 2850 1848
899 2786 986 2871 (pag.
1021 2787 1055 2872 3)
1079 2785 1222 2870 ineptam
1246 2789 1279 2851 ιι
1301 2808 1367 2852 non

175 2906 387 2970 excusandum
417 2905 539 2970 iudicet
569 2927 678 2970 corum
708 2905 982 2990 superstitionem,
1008 2907 1064 2990 qui
1086 2906 1175 2971 illem
1198 2907 1366 2992 epistulam

175 3049 214 3092 ex
238 3027 431 3092 editionibus
455 3026 621 3093 Ouidicnis
645 3028 806 3093 noluerint
829 3029 938 3094 eicere.
957 3029 1006 3093 Eo
1026 3033 1133 3094 eutem
1152 3031 1193 3094 cd
1211 3030 1364 3095 iudicium

174 3151 419 3213 tumnensium
455 3148 622 3213 ferendum
645 3149 799 3214 adductus
823 3153 871 3214 ιιι
887 3148 1129 3236 Ιιιιιιιιιιιιιιιιιι,
1149 3154 1236 3236 quod
1255 3152 1364 3218 obser-

174 3291 265 3334 uasse
288 3269 348 3334 sibi
375 3274 443 3334 eret
465 3270 551 3335 uisus
575 3271 610 3333 in
633 3293 679 3336 us.
707 3271 770 3335 139
794 3271 874 3335 illud
893 3273 1026 3357 furialis
1038 3273 1189 3338 Erichtho
1201 3276 1364 3358 sumptum

174 3412 240 3455 esse
264 3412 280 3454 e
303 3391 385 3455 libro
410 3395 499 3456 sexto
524 3391 654 3458 Luceni.
680 3391 750 3468 Qua
774 3392 808 3455 in
832 3413 866 3456 re
890 3392 990 3456 secuti
1013 3396 1090 3457 sunt
1109 3414 1181 3456 eum
1201 3393 1263 3457 uiri
1279 3394 1365 3460 docti

173 3510 366 3598 complures,
398 3511 510 3596 Haupt
522 3511 559 3598 1),
590 3513 683 3577 Riese
697 3513 734 3599 ²),
767 3511 839 3576 Birt
851 3513 887 3598 3),
918 3513 989 3589 elii,
1013 3512 1048 3577 in
1072 3535 1207 3597 quorum
1231 3536 1364 3578 numero

172 3637 205 3698 et
237 3633 311 3698 Luc.
345 3633 479 3698 Mueller
509 3641 556 3698 est
588 3634 641 3719 (de
670 3656 704 3698 re
728 3643 820 3700 metr.
844 3657 876 3718 p.
902 3635 970 3720 49),
994 3634 1050 3718 qui
1075 3635 1153 3699 adeo
1176 3635 1238 3700 hec
1262 3634 1364 3700 Lech-

171 3756 284 3821 menni
314 3755 591 3840 argumentatione
623 3759 670 3820 est
701 3757 881 3834 conuictus,
906 3759 955 3841 ut,
982 3778 1174 3842 quemquam
1200 3757 1290 3824 nulle
1311 3759 1364 3823 in·

172 3881 265 3942 terne
292 3877 410 3942 fraudis
435 3877 570 3962 uestigia
593 3877 785 3955 inuenisset,
809 3900 908 3942 unum
932 3881 1040 3942 temen
1059 3880 1193 3965 furialis
1216 3880 1362 3944 Erichtho

170 3999 234 4063 iam
266 3999 342 4063 setis
372 3997 551 4064 luculenter
580 3999 798 4063 demonstrare
827 4001 956 4082 putaret
988 3999 1157 4084 epistulam
1185 3999 1361 4084 genuinum

172 4118 279 4184 Ouidii
302 4140 381 4203 opus
404 4141 472 4183 non
496 4141 571 4186 esse.

217 4239 403 4305 Rectissime
432 4262 526 4326 uero,
559 4241 593 4305 ni
621 4241 732 4324 fallor,
765 4239 970 4306 Lachmanno
1000 4263 1019 4305 e
1050 4239 1267 4326 Comperettio
1290 4242 1360 4328 (1.1.

170 4395 335 4404 ξ...-

206 4467 233 4530 1)
251 4465 316 4532 Ερίι.
334 4469 404 4516 Drus.
421 4484 445 4533 p.
463 4469 504 4516 24.

205 4549 233 4614 2)
250 4550 329 4599 Prael.
346 4549 372 4599 in
389 4549 460 4599 Ouid.
478 4551 544 4600 Tem.
563 4552 583 4600 1.
601 4567 625 4616 p.
644 4553 672 4602 X.

206 4632 365 4698 ³)1nMus.
385 4632 461 4682 Rhen.
479 4631 596 4681 XXXII.
613 4649 636 4698 p.
656 4634 711 4682 388.
730 4651 754 4684 n.
773 4635 795 4683 2.
