3324 5284
799 495 841 558 63

218 682 289 766 ipsa
323 682 457 745 matrem
492 683 528 744 ut
563 679 764 764 superstitem
796 678 979 763 alloquitur.
1011 674 1120 741 Fuisse
1152 671 1237 756 patri
1267 670 1436 755 Sapphus,
1528 693 1529 700 ¹

221 824 339 868 nomen
362 801 692 886 Scamandronymum
716 801 849 866 tradunt
872 800 964 864 nobis
988 798 1106 863 Herod.
1132 795 1173 859 ΙΙ.
1197 792 1277 872 135,
1291 792 1416 858 Aelian.

222 924 262 989 Va
276 923 317 989 H.
332 922 405 990 ΧΠ.
420 925 478 1002 19,
499 923 603 989 Schol.
625 923 707 988 Plat.
729 923 863 989 Phaedr.
885 946 916 1007 p.
933 923 996 986 312
1010 920 1064 985 Be.
1077 969 1084 999 ,
1097 919 1211 985 suidas
1224 938 1255 980 u.
1271 915 1416 1000 Σαπφώ,

221 1068 414 1130 quamquam
437 1046 464 1110 is
489 1045 551 1110 alia
569 1066 695 1130 quoque
714 1046 846 1109 nomina
865 1046 931 1109 eius
951 1048 1118 1108 enumerat
1139 1046 1260 1129 septem
1275 1041 1313 1130 ¹),
1334 1044 1418 1128 quod

222 1167 438 1232 difficultatem
463 1168 540 1232 olim
563 1167 711 1253 praebuit
722 1167 808 1232 haud
820 1189 969 1251 paruam,
983 1167 1083 1230 donec
1095 1168 1266 1251 praeeunte
1278 1165 1382 1231 Neuio
1392 1164 1422 1268 Β).

221 1289 263 1354 Α.
295 1287 438 1354 Schoene
470 1289 518 1374 (in
548 1289 819 1353 commentatione
850 1289 914 1351 iam
946 1288 1070 1372 saepius
1103 1288 1154 1352 cit.
1190 1311 1221 1372 p.
1249 1289 1312 1353 737
1337 1295 1418 1373 sqq.)

222 1432 322 1474 unum
351 1432 463 1475 uerum
487 1432 552 1474 esse
575 1409 904 1495 Scamandronymum
929 1431 1047 1474 nomen
1071 1408 1161 1472 nullo
1187 1408 1296 1473 relicto
1322 1409 1420 1474 dubio

222 1531 362 1595 ostendit
384 1531 541 1616 simulque
565 1533 724 1616 quomodo
748 1535 851 1596 cetera
875 1531 931 1594 illa
957 1531 1089 1594 nomina
1113 1531 1218 1595 uarias
1242 1531 1283 1595 ob
1307 1552 1416 1595 causas

222 1653 403 1737 excogitata
426 1657 459 1717 et
482 1656 567 1737 apud
591 1651 720 1719 Suidam
744 1655 871 1737 recepta
894 1655 1000 1717 essent
1025 1652 1207 1737 explicauit.

268 1774 415 1839 (laterum
439 1776 658 1839 adnotandum
681 1777 730 1840 est
752 1779 876 1858 praeter
899 1773 985 1838 hunc
1005 1774 1111 1838 locum
1133 1795 1152 1836 a
1172 1772 1261 1837 nullo
1275 1778 1419 1838 ueterum

222 1895 413 1980 scriptorum
444 1896 613 1980 quicquam
646 1899 684 1960 de
706 1899 909 1980 praematura
940 1895 996 1959 illa
1019 1900 1122 1960 morte
1146 1896 1247 1980 patris
1272 1894 1419 1980 Sapphus

225 2017 318 2082 nobis
341 2018 435 2083 tradi.

269 2246 325 2313 Vs.
352 2248 405 2312 63.
438 2247 544 2312 Aasm
570 2244 663 2311 Inops
690 2269 814 2311 caussa
841 2268 1041 2312 ucacuarcrs
1067 2246 1420 2314 ciprvsmossoum

223 2365 386 2434 Charaxus
407 2367 554 2454 Sapphus
574 2369 673 2434 frater
686 2369 883 2434 meretricem
896 2370 984 2434 illam
996 2392 1103 2434 amare
1116 2369 1273 2454 incipiens
1286 2392 1418 2455 eamque

107 2493 109 2497 ’
222 2489 380 2554 redimens
392 2492 417 2575 ³)
450 2511 517 2555 non
550 2489 647 2555 fuerit
668 2491 781 2575 inops,
806 2492 862 2556 sed
884 2493 995 2575 postea
1020 2494 1146 2556 demum
1171 2490 1276 2555 factus
1300 2490 1358 2569 sit,
1383 2495 1420 2554 ut

223 2612 256 2675 et
276 2634 323 2676 us.
350 2611 410 2676 65:
435 2611 560 2676 Faenus
585 2616 675 2699 inope
701 2650 742 2660 -
766 2612 944 2677 luculenter
968 2613 1072 2690 docet,
1098 2612 1420 2698 mopsustenses

223 2755 256 2798 sa
291 2733 409 2797 habere
445 2755 511 2799 non
544 2737 651 2820 potest
686 2737 880 2819 apparetque
912 2734 945 2798 id
968 2756 1027 2818 per
1049 2733 1216 2798 scribentis
1240 2753 1419 2796 erroreme

222 2876 267 2919 us.
295 2854 338 2918 65
372 2854 435 2919 huc
470 2855 631 2938 migrasse.
668 2854 759 2931 Quod
794 2857 938 2920 uidentes
970 2857 1034 2919 iam
1066 2854 1160 2919 multi
1183 2857 1418 2939 proposuerunt

222 2976 439 3044 coniecturas:
463 2976 618 3042 Francius
643 2978 747 3043 uoluit
770 3001 874 3063 cyane,
898 2980 984 3062 quod
1012 2981 1120 3042 tamen
1139 2979 1273 3041 eandem
1287 2976 1329 3040 ob
1344 2998 1419 3041 cau·

224 3121 291 3163 sam
316 3102 413 3182 atque
437 3101 526 3187 inops
550 3099 677 3162 admitti
700 3099 828 3183 nequit3
863 3097 1063 3164 Broukhusio
1086 3099 1208 3184 placuit
1230 3120 1288 3183 pro
1312 3102 1416 3188 inops:

224 3244 350 3297 amana,
365 3222 400 3284 at
410 3220 559 3304 repetitio
571 3219 628 3284 illa
640 3245 749 3285 amana
763 3257 777 3270 -
791 3257 806 3270 -
819 3257 834 3270 -
848 3244 953 3287 amore
964 3221 1093 3285 ferenda
1107 3220 1239 3285 minime
1251 3223 1309 3286 est.
1322 3219 1420 3285 Bent-

224 3341 304 3405 leius
330 3341 479 3406 audacter
502 3341 579 3406 satis
604 3341 756 3406 coniecit:
788 3341 915 3430 Carpsit
939 3365 1009 3430 opas
1033 3344 1136 3424 frater
1159 3379 1204 3390 -
1227 3342 1337 3406 sedet
1360 3340 1421 3405 hoc
1480 3433 1482 3438 Ι

225 3463 305 3546 quin
334 3463 522 3548 recipiamus
545 3464 653 3528 obstat
677 3487 724 3528 us.
756 3463 817 3532 65:
841 3464 966 3529 Florus
991 3468 1081 3552 inops
1107 3501 1161 3530 -.
1185 3464 1298 3548 Neque
1309 3466 1420 3529 admo-

226 3586 303 3648 dum
336 3585 441 3669 placet
476 3585 692 3670 Oudendorpii
725 3585 923 3664 coniectura,
956 3590 1045 3675 inops
1076 3587 1232 3652 mutantis
1261 3588 1296 3652 in
1318 3591 1420 3666 iners,

226 3727 418 3791 quamquam
454 3707 569 3772 rectior
602 3710 686 3772 certe
722 3709 778 3772 est.
815 3706 964 3772 Forsitan
998 3707 1161 3794 scripserit
1191 3712 1303 3793 poeta:
1328 3708 1421 3774 Arsit

102 3823 104 3828 ’
225 3852 298 3903 moa
327 3829 436 3914 frater
469 3841 591 3894 merctr.
629 3854 651 3894 c.
678 3852 726 3896 a:
764 3827 843 3896 Mos
875 3833 906 3894 et
928 3833 1018 3918 inope
1039 3829 1125 3894 inter
1150 3852 1182 3895 se
1207 3830 1362 3896 confundi
1385 3831 1421 3895 in

225 3950 385 4015 codicibus
420 3949 512 4014 facile
547 3953 714 4035 poterant,
751 3955 784 4016 et
814 3953 951 4036 optime,
987 3953 1020 4016 ni
1051 3953 1160 4032 fallor,
1184 3952 1220 4018 in
1243 3953 1421 4018 enarranda

224 4071 323 4156 longa
357 4072 414 4136 illa
449 4073 646 4138 miseriarum
680 4073 758 4139 serie
794 4074 908 4138 dicitur
943 4098 1014 4139 moa
1049 4096 1106 4159 pro
1142 4078 1263 4153 deinde,
1297 4085 1419 4161 postea:

227 4193 453 4259 »Praematnra
476 4199 579 4260 morte
602 4197 692 4279 pater
715 4195 794 4259 mihi
813 4199 861 4260 est
884 4195 1052 4280 abreptus,
1077 4219 1149 4262 moa
1168 4195 1301 4281 (deinde)
1322 4193 1421 4259 frater

225 4338 348 4382 summo
381 4318 489 4382 dolore
512 4321 544 4382 et
567 4317 718 4382 dedecore
740 4339 791 4382 me
814 4317 937 4397 affecit,
961 4331 990 4383 el
1017 4318 1196 4383 accumulat
1219 4337 1305 4380 meas
1329 4338 1420 4382 curas

259 4543 287 4608 1)
304 4543 395 4602 Σίμων,
413 4542 559 4606 Etiamne,
578 4543 719 4609 Ἠερύγιος,
737 4543 873 4608 ”Εκρντος,
890 4547 983 4608 Σῆμος,
1001 4545 1105 4609 Κόμων,
1123 4543 1260 4608 Ἔταρχσς.

258 4625 333 4692 a)1n
350 4627 454 4678 editione
471 4629 598 4692 fragment.
618 4629 709 4696 Sappb.
727 4645 779 4695 pag.
799 4632 820 4680 l.

259 4709 284 4769 3)
302 4709 394 4760 Herod.
415 4711 450 4761 II.
469 4711 526 4761 135.
