3324 5284
854 377 874 442 8

267 562 331 626 lam
354 562 542 645 epistulam,
573 563 632 626 eet.
656 560 746 624 Inter
768 559 865 626 Leon.
891 559 1018 625 Aretini
1041 581 1121 644 opus
1145 562 1178 624 et
1202 558 1295 624 Ouid.
1321 559 1456 625 Amores

265 685 384 750 ineerta
407 686 455 748 est
478 682 596 769 Sapph.
621 705 686 768 ep,
712 682 757 747 sio
779 681 950 766 inscripta:
975 682 1143 770 »Epistola
1165 683 1278 769 septos
1296 685 1339 748 ed
1353 683 1456 770 pleo-

264 828 333 872 uam
356 806 485 872 mulum
507 817 649 870 amatum
672 828 763 868 suum
786 803 926 890 incubas
953 803 1100 868 Contulit
1123 804 1210 867 huno
1233 803 1369 886 librum,
1390 826 1456 868 una

265 949 338 992 oum
358 951 393 1011 95
417 930 450 991 et
469 950 525 1010 pe,
556 924 754 1009 Heusinger,
778 923 953 988 Heroidum
978 923 1070 990 Ouid.
1095 926 1331 990 emendationes
1355 923 1455 992 Guel-

265 1047 412 1133 pherbyt.
437 1048 476 1112 ad
501 1045 734 1131 Ha1·1esium1)‚
758 1069 790 1130 p.
815 1048 835 1109 9
855 1068 924 1131 sqq.
945 1045 985 1111 of.
1007 1045 1207 1132 Sedlmayer,
1228 1047 1326 1113 Proll.
1347 1071 1379 1133 p.
1404 1049 1466 1116 16..

308 1171 357 1255 9⁵)
381 1169 449 1234 eod.
481 1166 753 1252 Guelferbytanus
777 1197 816 1222 =
839 1166 921 1232 Gud.
955 1169 1038 1246 318,
1067 1168 1346 1246 membranaceus,
1372 1169 1455 1260 'seri-

264 1293 339 1376 ptus
370 1291 472 1356 iudice
502 1289 703 1373 Heusingero
735 1290 769 1373 (l.
788 1289 809 1353 l.
835 1311 865 1372 p.
894 1290 926 1373 7)
958 1311 1038 1353 saeu.
1068 1289 1171 1374 XIII,
1203 1313 1222 1354 a
1252 1289 1455 1374 Sedlmayero

264 1411 375 1497 (Proll.
401 1434 430 1495 p.
460 1413 515 1494 17)
538 1413 570 1476 et
591 1410 785 1476 Baehreneio
798 1412 823 1496 2)
843 1431 923 1474 seeo.
945 1409 1007 1475 XV
1026 1414 1111 1476 reete
1130 1411 1291 1490 addietus,
1311 1412 1457 1477 eontinet

265 1533 373 1598 Ouidii
394 1532 507 1598 Festos
530 1536 562 1597 et
585 1531 739 1616 Amores,
763 1531 878 1615 quibus
901 1532 1025 1596 adnexa
1048 1534 1097 1597 est
1120 1555 1168 1617 ep.
1194 1533 1314 1619 Sapph.
1339 1534 1384 1598 sio
1403 1534 1455 1598 in·

263 1653 396 1737 seripta:
422 1653 527 1741 Supte
556 1652 647 1718 Vates
672 1652 854 1718 Clarz'asime
874 1651 930 1717 Ae
948 1653 1045 1718 Suum
1066 1655 1237 1720 Phaonem.
1258 1655 1456 1720 Praeoedunt

265 1775 401 1841 distieha
423 1775 516 1842 haee:

355 1897 495 1962 Tantum
519 1918 629 1962 omnes
653 1895 746 1962 nobis
769 1896 882 1960 doctae
905 1897 1044 1961 tribuere
1067 1897 1192 1982 puellae
1207 1899 1233 1984 3)

400 2018 561 2094 Quantum
584 2018 670 2083 inter
694 2021 784 2084 uates
807 2018 943 2105 laudis⁴)
968 2017 1128 2084 Homerus
1151 2019 1257 2084 habet.

362 2138 506 2203 Blandus
529 2160 620 2203 amor
642 2139 752 2203 douuit
774 2160 986 2224 numerosque
1009 2140 1160 2224 probauit
1184 2139 1322 2224 Apollo;

401 2260 528 2326 Nomen
551 2264 619 2325 erat
642 2259 789 2345 Sappho,
814 2260 920 2343 patria
943 2258 1062 2325 Lesbos
1086 2264 1162 2325 erat.

311 2387 360 2471 90)
385 2385 454 2449 eod.
486 2381 757 2467 Guelferbytanus
788 2406 829 2433 =
856 2381 938 2446 Gud.
965 2382 1247 2460 342‚-membran.
1272 2404 1352 2447 seeo.
1376 2381 1459 2460 XV,

268 2506 436 2572 continens
459 2526 587 2570 oarmen
611 2504 649 2569 de
671 2505 793 2589 pulioe,
814 2503 955 2589 (iopam,
975 2504 1151 2581 Moretum,
1173 2502 1301 2569 Camilli
1322 2503 1460 2569 Romani

268 2649 394 2693 carmen
417 2627 452 2691 in
477 2626 600 2691 obitum
625 2623 694 2691 Gar.
723 2625 974 2710 Parthenopaei,
999 2625 1230 2710 epigrammata
1251 2624 1409 2688 nonnulla
1428 2626 1461 2688 et

267 2747 386 2834 Sapph.
418 2770 467 2832 ep.
499 2747 704 2832 inscriptam:
737 2745 858 2834 Sophos
884 2749 1035 2834 poetieeee
1067 2749 1110 2810 od
1139 2747 1295 2812 Phaonem
1323 2746 1460 2812 Simulum

268 2870 384 2935 libellus
401 2869 537 2956 feliciter
558 2871 676 2956 incipit.
702 2867 896 2954 (Heusinger
922 2890 952 2951 p.
982 2867 1028 2951 7.)

311 2991 361 3077 9⁷)
382 2991 451 3056 aod.
472 2988 741 3073 Guelferbytanus
761 2988 813 3054 82.
837 2989 868 3052 6.
890 3011 948 3056 ms.
969 2988 1053 3074 Aug.
1074 2990 1270 3069 membran,
1292 2989 1461 3054 continens

268 3111 388 3176 Tibulli
419 3111 560 3175 earmina
592 3113 624 3175 et
646 3109 716 3195 (fol.
742 3108 904 3196 seb-42)
929 3110 1047 3195 Sapph.
1074 3133 1142 3197 ep,
1166 3111 1234 3177 sine
1260 3111 1325 3177 ulla
1348 3111 1462 3176 inseri-

266 3232 377 3316 ptione
408 3231 460 3296 uel
483 3230 733 3316 subscriptione,
757 3231 914 3316 seriptus,
938 3232 1042 3297 iudioe
1065 3231 1258 3297 Baehrensio
1283 3231 1400 3317 (Praef.
1425 3231 1461 3294 in

267 3352 383 3419 Tibull.
416 3376 448 3439 p.
480 3353 535 3439 X),
567 3374 648 3418 seeo.
681 3352 761 3438 XV;
794 3355 831 3416 ut
862 3352 933 3417 aliis
956 3353 1059 3418 uisum
1083 3356 1150 3431 est,
1174 3354 1238 3417 iam
1263 3354 1364 3417 multo
1388 3356 1463 3417 ante

273 3476 293 3540 d
330 3479 466 3561 tempus.
503 3475 601 3540 Reate
635 3495 711 3539 uero
743 3475 822 3558 quin
855 3475 1004 3540 iudicarit
1034 3474 1196 3540 Baehrens
1229 3514 1271 3524 -
1305 3477 1463 3558 quantum

268 3597 382 3662 saltem
409 3595 527 3661 attinet
549 3598 590 3660 ad
613 3595 733 3680 Sapph.
757 3617 806 3679 ep.
832 3634 873 3644 -
899 3595 977 3660 mihi
1001 3596 1106 3660 uarias
1128 3596 1195 3661 eius
1218 3596 1292 3660 libri
1311 3596 1464 3660 lectiones

267 3718 471 3803 percensenti
495 3718 627 3782 dubium
652 3739 718 3783 esse
741 3718 863 3803 nequit.

318 3838 458 3905 Gomiter
494 3839 631 3905 exoussit
667 3838 753 3904 huno
787 3839 905 3905 librum
942 3862 1047 3906 meum
1081 3842 1116 3905 in
1151 3863 1244 3906 usum
1278 3835 1465 3905 Franeisous

274 3961 402 4026 Winter
426 3982 524 4026 meus.

312 4083 345 4168 e)
370 4085 439 4147 eoa.
472 4080 728 4167 Hamburgensis
759 4103 776 4146 e
808 4082 1002 4148 eieuoenea
1033 4082 1213 4161 werona,
1238 4083 1274 4146 in
1298 4081 1461 4146 flamber-

300 4273 325 4338 l)
344 4273 374 4321 In
398 4272 513 4337 Iaeeingii
541 4287 597 4321 azur
623 4271 763 4321 Geeehiohte
788 4272 837 4320 und
862 4271 1003 4321 Iltteratur.
1030 4276 1081 4321 Aur
1098 4273 1144 4321 den
1164 4272 1280 4320 Sohituen
1298 4271 1340 4320 der
1360 4270 1464 4336 heraogl.

266 4354 404 4404 Bibliothek
420 4370 449 4403 aa
466 4352 647 4403 Wolfenbiittel.
667 4353 761 4403 Dutter
780 4351 906 4418 Baltrag.¹'
927 4352 1071 4418 (Bruusuig.
1093 4351 1178 4418 1774).

299 4436 327 4501 2)
345 4435 439 4486 Rivieta
454 4437 478 4485 di
495 4435 620 4500 rilologia.
639 4435 717 4485 XIII.
737 4436 808 4485 1-2.
827 4437 900 4485 1884.
922 4451 946 4500 p.
967 4436 1007 4485 54.

300 4518 329 4587 8)
347 4520 443 4569 mter.
456 4521 577 4582 ..puellas
592 4518 729 4582 Sedlmayer
746 4518 818 4576 oitat',
836 4517 912 4567 Proll.
931 4533 953 4582 p.
977 4517 1016 4572 17.

301 4609 330 4670 4)
347 4604 429 4653 hedes
445 4602 592 4667 Sedlmayer.
