3274 5292
841 395 904 460 126

281 581 473 666 descriptum
513 582 604 645 illum
635 579 844 664 archetypum
876 578 1070 645 Ouidianum
1103 580 1197 666 (saec.
1231 580 1273 645 VI
1309 581 1361 645 uel
1393 580 1472 667 VII)

280 704 365 769 inter
395 705 480 788 ipsas
512 702 618 767 Ouidii
649 701 804 767 Heroides
834 703 938 768 locum
971 704 1127 781 tenuisse,
1152 704 1282 768 minime
1306 703 1366 768 uiri
1389 704 1474 768 docti

282 829 358 890 sunt
389 825 538 889 audiendi
569 825 623 909 qui
651 825 722 889 ideo
746 825 887 910 spuriam
909 824 1091 890 iudicarunt
1114 825 1280 909 epistulam
1306 826 1391 910 quod
1414 847 1472 911 per

280 951 383 1011 totam
407 947 472 1011 fere
496 947 591 1012 medii
615 947 684 1011 aeui
707 949 844 1012 aetatem
864 947 1050 1012 remanserit
1069 947 1182 1031 ignota
1200 969 1302 1031 neque
1323 969 1473 1032 umquam

280 1068 337 1133 illa
360 1071 464 1133 aetate
488 1091 561 1134 cum
583 1069 621 1132 iis
644 1067 800 1152 Epistulis
824 1067 922 1132 fuerit
944 1068 1125 1133 coniuncta.
1150 1065 1248 1132 Ouius
1272 1068 1317 1132 rei
1330 1069 1473 1153 exempla

281 1162 383 1253 multa
407 1190 542 1255 suariis
566 1189 710 1255 fontibus
735 1189 905 1273 diligenter
929 1189 1059 1274 collegit
1082 1187 1298 1274 Oomparetti,
1325 1188 1345 1253 l.
1359 1191 1380 1253 l.
1405 1191 1471 1274 p.6

280 1333 349 1396 sqq.
382 1311 450 1377 Nec
482 1311 591 1396 magni
615 1310 792 1375 mehercule
812 1314 889 1375 sunt
912 1310 1126 1375 aestimandae
1149 1311 1375 1396 inscriptiones
1398 1311 1472 1376 illae

279 1435 312 1497 et
334 1432 556 1497 adnotationes
579 1432 614 1496 in
637 1431 818 1496 recentibus
837 1430 928 1498 MSS.
946 1431 1099 1517 epistulae
1113 1431 1261 1518 Sapphus
1276 1433 1471 1517 adscriptae,

279 1553 395 1638 quibus
426 1577 503 1618 num
535 1557 576 1618 ad
607 1552 755 1618 Ouidium
786 1553 828 1618 sit
857 1554 1021 1622 referenda
1051 1555 1241 1640 disputatur.
1277 1555 1357 1622 Oum
1385 1557 1470 1621 enim

281 1678 393 1749 modo,
423 1699 517 1762 quem
541 1699 635 1760 supra
655 1678 742 1762 (pag.
768 1677 802 1762 5)
825 1677 982 1756 indicaui,
1006 1679 1177 1762 separatim
1201 1680 1259 1744 illa
1282 1679 1377 1745 medii
1402 1680 1471 1744 aeui

282 1799 478 1883 temporibus
517 1799 703 1864 circumlata
735 1799 795 1876 sit,
827 1799 942 1864 mirum
974 1801 1114 1865 accidere
1145 1801 1258 1885 nequit
1286 1803 1372 1884 quod
1404 1801 1472 1865 eius

281 1920 395 1985 aetatis
428 1920 513 1986 docti
543 1920 730 2005 opusculum
761 1943 777 1985 e
809 1923 958 1986 contextu
981 1901 1039 1986 suo
1063 1921 1251 1986 dissolutum
1275 1920 1390 1986 Ouidio
1414 1923 1472 1986 tri·

281 2042 377 2106 buere
407 2063 648 2127 nonnumquam
683 2043 883 2108 dubitabant.
920 2041 988 2118 Quo
1019 2043 1159 2127 pertinet
1189 2044 1285 2107 etiam
1319 2044 1405 2128 quod
1437 2044 1470 2107 in

282 2162 405 2247 aliquot
435 2164 525 2229 codd.
557 2163 727 2229 ridiculum
756 2164 790 2228 in
824 2167 954 2229 modum
985 2165 1124 2229 traditur
1157 2164 1326 2249 epistulam
1355 2164 1473 2230 Graece

283 2284 434 2368 scriptam
465 2285 499 2348 iu
523 2283 674 2350 Latinum
697 2307 874 2351 sermonem
900 2324 940 2335 —
965 2286 1031 2350 siue
1054 2286 1095 2350 ab
1119 2284 1233 2350 Ouidio
1258 2285 1325 2351 siue
1349 2287 1388 2350 ab
1411 2287 1473 2351 alio

283 2409 421 2494 quodam
446 2431 578 2474 -esse
607 2431 803 2476 conuersam.
846 2407 914 2474 Nec
942 2408 1085 2494 profecto
1116 2431 1195 2494 opus
1228 2412 1297 2474 erat
1329 2408 1472 2474 Werfero

283 2528 331 2614 (in
363 2528 454 2595 Actis
480 2530 591 2615 philol.
624 2530 747 2595 Monac.
781 2529 874 2595 aFr.
898 2530 1081 2598 Thierschio
1105 2531 1207 2608 editis,
1233 2530 1306 2596 Vol.
1333 2530 1356 2594 l.
1382 2529 1472 2595 Fasc.

284 2649 336 2718 lv.
369 2675 402 2737 p.
435 2653 513 2736 502)
543 2655 579 2716 ut
610 2652 762 2718 eiusmodi
793 2653 913 2718 scholio
936 2652 1070 2716 inuento
1095 2655 1276 2717 ostenderet
1299 2653 1468 2738 epistulam

284 2776 426 2837 nostram
467 2794 533 2837 non
575 2795 641 2838 esse
684 2796 722 2838 ex
758 2772 878 2838 Graeco
913 2774 1112 2837 traductam!
1161 2772 1252 2849 Quod
1287 2774 1347 2838 etsi
1382 2795 1472 2858 pror·

284 2917 338 2960 sus
376 2899 444 2959 erat
482 2917 767 2978 superuacaneum,
807 2895 938 2960 minime
977 2898 1084 2959 tamen
1127 2895 1297 2980 neglegere
1337 2893 1473 2960 Werferi

283 3016 428 3081 libellum
466 3016 550 3081 licet.
592 3017 624 3080 Is
660 3017 745 3081 enim
780 3017 904 3102 primus
937 3021 1057 3083 rectam
1090 3017 1252 3103 ingressus
1287 3017 1372 3082 uiam
1408 3038 1473 3081 non

285 3141 351 3202 tam
382 3138 525 3204 codicum
555 3139 685 3202 illorum
715 3139 926 3204 recentiorum
957 3139 1068 3204 hahita
1100 3139 1224 3204 ratione
1248 3161 1345 3223 quam
1369 3139 1473 3223 ipsum

286 3259 430 3344 opusculi
472 3262 595 3325 textum
638 3262 670 3325 et
712 3260 865 3325 orationis
896 3259 1042 3324 habitum
1073 3262 1244 3345 exquirens
1279 3261 1317 3326 de
1351 3259 1474 3346 origiue

286 3382 353 3448 cius
384 3383 569 3468 disputauit.
605 3381 650 3446 Et
681 3382 915 3468 comparatione
941 3420 981 3431 —
1007 3383 1189 3467 ceteroquin
1221 3404 1287 3447 nou
1311 3383 1356 3447 ita
1380 3404 1474 3447 accu-

285 3507 357 3569 rata
370 3502 396 3589 1)
429 3505 580 3568 —inter
611 3503 730 3588 Sapph.
761 3526 810 3588 ep.
832 3507 864 3568 et
883 3502 992 3568 Ouidii
1015 3525 1110 3588 opera
1132 3503 1314 3570 indubitate
1333 3505 1474 3589 genuina

285 3625 434 3690 instituta
455 3625 629 3689 ostendisse
652 3625 713 3689 sibi
735 3624 822 3689 uisus
846 3629 894 3689 est
919 3627 1104 3690 >uerborum
1127 3639 1156 3691 et
1178 3629 1399 3692 renuntiarem
1417 3652 1471 3692 ro·

288 3749 400 3812 tionem
423 3758 514 3833 atquc
537 3747 664 3812 colorem
688 3746 771 3811 illius
794 3747 942 3833 epistulae
961 3740 1095 3834 prorsus
1119 3771 1179 3813 esee
1208 3747 1357 3814 Ouidicni
1379 3752 1474 3814 moris

223 3895 231 3910 ²
287 3881 316 3934 et
338 3867 484 3953 ingemit

334 4147 477 4213 Vixdum
497 4165 570 4210 uero
592 4140 653 4209 hoc
671 4148 711 4210 de
722 4141 869 4231 Sapphus
881 4141 1016 4230 epistula
1027 4143 1178 4212 iudicium
1191 4146 1316 4232 aperuit
1332 4143 1470 4226 Werfer‚

288 4291 360 4335 cum
373 4267 564 4334 sententiam
576 4290 593 4332 e
604 4267 734 4352 regione
745 4269 925 4353 oppositam
937 4270 1072 4354 protulit
1083 4268 1105 4334 J
1105 4267 1158 4336 oh.
1169 4267 1240 4335 Val.
1255 4267 1411 4348 Francka
1421 4269 1477 4355 qui

324 4553 351 4620 1)
369 4553 453 4603 Paucis
469 4556 564 4604 tantum
581 4555 650 4602 aucta
666 4568 680 4601 a
697 4551 793 4602 Iocmio
809 4551 835 4600 in
852 4551 957 4601 editione
974 4550 1125 4610 Heroidnm,
1142 4550 1251 4601 Prooem.
1269 4568 1292 4617 p.
1311 4553 1435 4617 XLleq.
1454 4557 1478 4602 et

290 4635 315 4684 iu
332 4636 502 4685 commentario
519 4636 549 4684 ad
567 4634 654 4700 Sapph.
674 4651 709 4700 ep.
