3274 5292
727 467 729 470 .
754 419 817 482 123

185 600 221 665 in
256 623 293 665 eo
327 601 572 687 epigrammate,
605 603 756 687 inquam,
789 601 992 689 Sapphonem
1024 606 1191 691 coniungit
1215 605 1377 672 Ausonius

186 743 259 786 cum
291 726 442 806 quattuor
474 723 749 809 earumipsarum
772 723 967 804 Heroidum,
992 749 1070 811 quas
1093 728 1288 793 amatoribus
1311 729 1377 794 suis

184 843 335 928 epistulas
366 829 565 910 ›Heroides”
597 846 733 911 scribere
764 846 859 912 finxit
889 846 1032 912 Ouidius.
1064 847 1186 913 Deinde
1215 850 1249 913 in
1279 847 1374 938 Capi·

183 967 254 1030 diae
276 969 425 1046 cruciato,
450 966 506 1031 ubi
529 967 598 1051 agit
622 970 661 1061 de
683 966 810 1032 feminis
833 969 985 1034 fabulosis
1008 992 1086 1055 quas

457 1088 553 1152 durus
577 1109 665 1153 amor
689 1089 808 1154 crudeli
830 1090 904 1154 tabe
928 1091 1068 1174 peredit,
1318 1149 1320 1154 .

185 1211 311 1292 praeter
342 1231 394 1274 eas
425 1231 504 1294 quas
537 1209 707 1276 manifesto
738 1213 913 1296 desumpsit
941 1235 958 1277 e
991 1213 1089 1298 Verg.
1121 1213 1203 1278 Aen.
1228 1213 1283 1278 vl.
1309 1214 1374 1279 442

185 1351 271 1415 sqq,
304 1330 375 1394 illas
404 1335 532 1397 tantum
562 1332 727 1410 nominat,
758 1355 892 1417 quarum
921 1334 1027 1399 miseri
1050 1356 1172 1399 amores
1198 1337 1376 1400 tractantur

185 1451 225 1515 ab
251 1450 364 1516 Ouidio
388 1457 444 1518 aut
467 1453 502 1516 in
524 1452 655 1518 Metam.
683 1457 739 1518 aut
762 1454 796 1518 in
823 1454 920 1532 Her.;
944 1455 979 1519 in
1002 1455 1052 1520 his
1070 1455 1192 1535 Herus,
1212 1455 1374 1534 Oanacae,

184 1570 363 1651 Ariadnae,
388 1572 424 1636 in
446 1572 510 1638 illis
536 1572 699 1652 Semelae,
719 1572 883 1659 Myrrhae,
910 1575 1057 1641 Thisbae.
1081 1577 1170 1642 Inter
1193 1599 1246 1642 eas
1269 1581 1374 1642 autem

186 1694 394 1758 consimiliter
423 1716 553 1779 prorsus
585 1701 681 1779 atque
705 1699 789 1780 apud
814 1695 963 1761 Ouidium
988 1699 1206 1762 enumeratam
1230 1699 1374 1763 uidemus

184 1814 400 1901 Sapphonem.
434 1815 503 1892 Qua
533 1817 568 1881 in
590 1839 624 1883 re
648 1818 724 1902 quin
750 1818 893 1882 imitatus
916 1819 957 1884 sit
980 1818 1145 1884 Ausonius
1167 1819 1272 1904 ipsum
1296 1818 1374 1884 Oui·

185 1938 273 2002 dium
300 1975 340 1986 -
368 1960 461 2022 quem
484 1941 516 2002 et
540 1939 617 2003 alibi
638 1939 674 2003 in
698 1962 790 2005 usum
814 1941 972 2005 conuertit
996 1941 1178 2025 saepissime
1191 1939 1217 2027 ¹)
1239 1979 1282 1990 -
1301 1943 1374 2005 nul-

185 2059 234 2124 lus
266 2059 395 2137 dubito,
426 2082 497 2125 cum
528 2061 714 2146 praesertim
745 2083 781 2125 ea
811 2082 893 2144 quae
925 2062 963 2126 de
998 2061 1127 2126 feminis
1164 2061 1227 2126 illis
1262 2065 1372 2127 narrat

184 2179 496 2254 Ausoniusmultas
527 2181 668 2246 habeant
699 2181 923 2246 similitudines
955 2204 1027 2247 cum
1058 2183 1096 2247 iis
1127 2205 1209 2267 quae
1231 2182 1376 2248 scribunt

184 2303 258 2366 illae
278 2306 362 2386 apud
382 2301 413 2367 N
415 2324 553 2366 aeonem.
576 2302 627 2368 Sic
647 2301 770 2367 Auson.
785 2301 864 2388 Cup.
878 2325 961 2368 cruc.
976 2325 1022 2367 us.
1037 2305 1078 2366 22
1092 2326 1136 2388 sq.
1152 2307 1375 2388 comparentur

175 2446 259 2518 ,cum
291 2423 384 2489 Ouid.
417 2424 495 2491 Her.
527 2424 650 2489 XVIII.
679 2425 738 2502 35,
763 2447 807 2489 us.
837 2427 874 2489 31
904 2447 975 2490 cum
999 2424 1075 2490 Her.
1101 2425 1141 2489 X.
1168 2426 1209 2490 72
1234 2427 1266 2489 et
1292 2427 1374 2503 103,

187 2567 250 2613 uss.
277 2547 409 2623 38-39
434 2568 509 2611 cum
529 2545 605 2611 Her.
631 2545 688 2610 XI.
716 2549 753 2630 3,
779 2550 838 2612 cet.

234 2670 403 2752 Attamen,
429 2672 561 2752 quaerat
583 2669 760 2753 quispiam,
785 2669 811 2734 si
834 2690 943 2733 reuera
968 2667 1131 2734 Ausonius
1148 2668 1295 2754 Sapphus
1307 2669 1374 2755 cpi-

187 2790 322 2868 stulam,
355 2812 450 2874 quam
475 2790 635 2875 scripserit
659 2789 792 2855 Ouidius
817 2791 905 2875 (Am.
932 2790 974 2856 II.
1002 2791 1054 2856 18.
1080 2792 1153 2876 26),
1179 2794 1220 2855 ad
1244 2813 1375 2856 manum

187 2911 354 2989 habuerit,
380 2934 422 2975 an
446 2912 507 2978 hoe
529 2913 592 2977 iam
617 2913 822 2999 comprobare
845 2913 947 2998 possit
969 2912 1065 2978 fuisse
1076 2913 1165 2977 illam
1177 2914 1280 2998 ipsam
1292 2914 1376 2979 hanc

187 3033 356 3116 epistulam
388 3055 484 3118 quam
517 3055 605 3098 nunc
635 3034 831 3098 habeamus?
864 3033 954 3110 Quod
984 3055 1178 3120 quamquam
1209 3039 1375 3119 procerte

188 3153 345 3218 affirmare
376 3154 462 3219 haud
486 3158 654 3232 audemus,
680 3156 746 3219 ueri
770 3159 878 3220 tamen
903 3155 1167 3221 estsimillimum.
1186 3154 1378 3241 Congruunt

189 3277 274 3341 enim
305 3277 388 3344 inter
420 3299 452 3342 se
476 3299 572 3361 quam
594 3277 730 3341 maxime
753 3298 834 3361 quae
858 3277 892 3340 in
917 3277 1053 3363 epistula
1077 3279 1189 3342 nostra
1211 3282 1289 3341 sunt
1312 3280 1375 3340 tra·

190 3396 257 3461 dita
280 3400 313 3462 et
335 3396 456 3465 Auson.
483 3397 562 3484 Oup.
588 3419 670 3465 cruc.
696 3420 742 3462 us.
765 3397 809 3462 24
833 3420 900 3482 sq.:

397 3519 441 3583 Et
465 3523 504 3584 de
527 3521 671 3585 nimboso
695 3519 812 3584 saltum
835 3519 973 3584 Leucate
998 3521 1138 3585 minatur

395 3639 536 3705 Mascula
558 3640 718 3706 Lesbiacis
741 3641 871 3726 Sappho
891 3641 1032 3726 peritura
1056 3640 1181 3726 sagittis
1194 3640 1233 3729 ²).

187 3763 300 3848 Neque
323 3762 384 3826 alia
408 3763 524 3826 desunt
546 3763 580 3826 in
600 3761 736 3827 Ausonii
757 3763 950 3830 carminibus
972 3763 1108 3841 indicia,
1133 3764 1249 3847 quibus
1269 3768 1375 3831 osten-

188 3889 282 3950 datur
302 3885 397 3950 fuisse
415 3884 463 3948 illi
482 3884 651 3969 epistulam
671 3885 755 3949 haud
768 3885 922 3969 ignotam.
936 3885 1046 3950 Veluti
1057 3883 1176 3970 Sapph.
1191 3907 1241 3970 ep.
1253 3908 1300 3950 us.
1315 3888 1376 3952 93:

224 4131 251 4194 1)
270 4129 393 4178 Nonnulla
411 4129 518 4195 exempla
534 4130 637 4196 protulit
654 4131 682 4178 A.
701 4129 821 4192 Zingerle,
838 4145 868 4178 su
883 4135 943 4194 spate.
963 4130 1046 4180 latete.
1056 4129 1180 4178 Dichtem
1191 4129 1255 4177 Ilaec.
1267 4128 1288 4178 1.
1297 4129 1378 4191 (Oeni-

187 4215 253 4278 pont.
273 4210 358 4276 lars).
377 4229 399 4277 p.
419 4213 466 4269 36;
485 4213 516 4262 39
535 4228 585 4276 sqq.

221 4294 249 4359 2)
267 4294 297 4342 Iu
317 4293 420 4343 editione
438 4294 567 4343 nouissima
584 4296 652 4343 dccet
668 4293 772 4343 Schenkl
788 4294 850 4343 hunc
867 4310 963 4345 uersum
972 4295 1003 4343 25
1013 4295 1039 4343 in
1048 4295 1151 4344 editione
1160 4293 1256 4357 Vgoleti
1266 4310 1303 4343 en.
1314 4294 1379 4344 1499

186 4377 281 4425 demum
307 4392 356 4424 esec
381 4375 489 4425 additum
516 4379 543 4425 ut
568 4377 704 4442 expleretur
729 4377 826 4435 lacuna,
852 4393 912 4440 quae
934 4381 987 4442 poet
1010 4393 1044 4425 ns.
1063 4378 1095 4426 24
1112 4376 1138 4424 in
1155 4375 1221 4424 codd.
1239 4378 1305 4424 esset.
1325 4377 1379 4425 Hoc

185 4460 266 4506 tamen
292 4459 523 4522 argumentationem
548 4462 653 4508 nostram
680 4476 727 4508 non
753 4458 871 4523 infringit.
898 4459 1030 4524 Praecipua
1055 4459 1119 4508 enim
1137 4461 1226 4507 rescat
1243 4457 1380 4507 uobiscum

187 4555 257 4588 uersu
283 4539 375 4604 priori,
394 4543 473 4589 actum
493 4543 572 4588 autem
589 4540 614 4588 in
632 4556 666 4589 us.
685 4541 716 4589 25
735 4543 758 4589 et
776 4539 899 4589 elimasse
918 4541 947 4589 de
964 4540 1089 4606 Sapphoue
1105 4540 1154 4608 ipse
1172 4542 1297 4590 contextus
1316 4548 1380 4590 certe

187 4621 339 4675 demonstrat.
