3324 5284
868 396 888 464 2

281 583 328 648 ita
360 585 470 668 ageret
503 583 585 647 Dan.
621 582 772 647 Heinsius
786 582 822 669 ¹),
859 585 907 650 uel
945 584 1086 670 Scaliger
1117 585 1219 670 (ouius
1251 584 1472 649 adnotationes

280 710 406 791 praesto
436 708 528 770 erant
558 706 607 769 illi
620 705 657 791 ²),
689 707 743 770 sed
774 710 880 772 uetere
893 795 895 800 ι
910 685 1049 790 quodam
1077 727 1168 770 usum
1193 705 1375 770 testimonio
1400 726 1471 769 eum

280 827 325 890 sic
356 827 525 891 collocasse
556 826 744 910 epistulam,
768 827 833 890 iam
856 849 894 892 cr
919 827 989 911 ipsa
1012 826 1058 890 rei
1080 825 1188 890 indole
1212 801 1361 910 apparet.
1391 823 1471 890 Oum

279 970 355 1013 uero
378 947 486 1011 nullus
509 950 591 1011 esset
614 951 709 1012 notus
732 949 830 1012 codex
854 946 1031 1011 Ouidianus
1054 948 1110 1011 illo
1133 947 1196 1012 XV
1219 947 1289 1011 loco
1308 944 1471 1010 iuterHe-

278 1069 382 1133 roides
404 1068 557 1133 exhibens
580 1067 663 1132 hano
688 1069 874 1153 epistulam,
898 1069 998 1153 uulgo
1023 1068 1194 1133 credebant
1217 1067 1289 1132 VV.
1310 1066 1380 1134 DD.
1400 1068 1471 1132 ideo

279 1193 419 1254 mutasse
450 1191 592 1254 ordinem
616 1189 784 1254 Heinsium
808 1191 892 1275 quod
917 1191 983 1275 ipse
1008 1189 1141 1254 Ouidius
1164 1190 1237 1256 Am.
1263 1190 1305 1256 ΙΙ.
1332 1191 1384 1254 18.
1410 1190 1470 1268 26,

278 1311 425 1396 Sapphus
449 1312 659 1408 epistulamfla
682 1334 715 1377 se
739 1312 889 1396 scriptam
913 1313 998 1376 inter
1017 1311 1172 1376 Heroides
1193 1334 1264 1376 suas
1285 1312 1471 1395 praecipuas

278 1438 476 1497 enumeraret
507 1434 670 1497 ultimam:
695 1433 751 1496 illa
775 1437 880 1497 autem
905 1431 975 1497 loco
999 1432 1062 1498 XV
1086 1433 1241 1497 collocata
1264 1453 1379 1516 agmen
1403 1431 1470 1496 He·

278 1554 402 1618 roidum
425 1576 505 1638 quae
528 1555 655 1639 proprie
679 1556 870 1618 uocarentur
894 1553 1016 1628 claudi3
1040 1553 1192 1636 epistulas
1217 1553 1302 1617 enim
1322 1554 1361 1618 iis
1384 1553 1470 1618 adie-

279 1677 346 1738 ctas
369 1675 433 1738 iam
457 1696 523 1738 non
547 1696 613 1738 esse
636 1673 845 1752 »Heroides''‚
869 1674 922 1738 sed
946 1673 1099 1758 epistulas
1119 1673 1309 1738 feminarum
1330 1678 1363 1738 et
1383 1675 1470 1739 uiro·

277 1818 348 1859 rum
379 1798 524 1872 mutuas,
555 1817 635 1880 quae
666 1798 777 1879 postea
807 1795 932 1858 demum
957 1794 997 1858 ab
1023 1793 1139 1858 Ouidio
1163 1794 1321 1878 prioribus
1344 1794 1471 1858 additae

278 1920 394 2008 essent.
420 1955 460 1965 —
484 1916 589 1993 Haec,
625 1917 774 2001 inquam,
812 1919 881 1981 erat
915 1916 1024 2000 opinio
1061 1916 1158 2000 uulgo
1194 1919 1339 2000 accepta,
1371 1917 1470 1980 donec

278 2060 364 2102 anno
391 2041 477 2103 1843
500 2037 722 2104 Schneidewin
747 2061 765 2102 a
789 2037 959 2104 Duebnero
984 2039 1114 2102 edoctus
1137 2038 1171 2101 in
1195 2037 1278 2103 Mus.
1300 2037 1403 2103 Rhen.
1426 2036 1467 2104 N.

278 2158 309 2224 S.
333 2158 393 2222 ΙΙΙ.
425 2182 456 2243 p.
486 2161 548 2224 144
580 2160 744 2244 euulgauit
776 2160 937 2224 adseruari
969 2159 1098 2223 Parisiis
1130 2159 1268 2224 codicem
1299 2159 1467 2243 quemdam

278 2303 359 2346 saec.
383 2280 464 2346 XIII
489 2283 623 2366 (17903.
648 2281 749 2347 Notre
773 2282 873 2347 Deme
900 2283 988 2367 188),
1013 2283 1160 2364 excerpta
1183 2283 1216 2344 et
1238 2303 1277 2345 ex
1301 2281 1371 2345 aliis
1395 2280 1469 2345 scri·

278 2402 423 2485 ptoribus
446 2401 570 2466 Latinis
595 2440 635 2450 —
661 2402 762 2466 ueluti
785 2405 863 2466 nota
886 2402 941 2465 illa
964 2401 1084 2465 Tibulli
1098 2440 1137 2450 -
1152 2404 1185 2465 et
1204 2424 1242 2466 ex
1265 2401 1371 2466 Ouidii
1391 2402 1468 2468 Met.

277 2522 363 2588 Fast.
393 2523 470 2588 Her.
494 2525 729 2598 continentem
756 2525 791 2588 iu
815 2547 851 2589 eo
875 2545 951 2588 uero
974 2523 1060 2587 inter
1083 2523 1258 2588 Heroidum
1283 2523 1363 2589 XIV
1386 2524 1469 2609 (Hy-

277 2648 506 2731 permnestrae)
541 2648 574 2709 et
608 2645 670 2710 XV
706 2645 816 2730 [XVI]
850 2645 1000 2730 (Paridis)
1031 2647 1179 2728 excerpta
1208 2667 1318 2710 uersus
1346 2646 1469 2730 aliquot

277 2765 342 2848 legi
384 2766 477 2829 huius
520 2769 648 2829 nostrae
691 2765 845 2850 epistulae
888 2765 1045 2850 Sapphus.
1082 2765 1219 2831 Eosdem
1254 2789 1363 2833 uersus
1398 2768 1467 2832 aliis

278 2891 386 2951 auctos
427 2886 565 2951 inueniri
606 2908 731 2971 quoque
773 2887 807 2950 in
844 2887 906 2951 alio
942 2887 1048 2952 codice
1082 2888 1227 2952 Parisino
1265 2890 1350 2954 7647
1386 2911 1466 2955 saec.
1513 2933 1515 2938 -

277 3007 359 3072 XlH
381 3011 454 3092 post
476 3007 682 3091 Meynckium
705 3008 800 3093 (Mus.
825 3007 929 3073 Rhen.
955 3008 1059 3074 XXV.
1084 3032 1115 3093 p.
1143 3011 1221 3095 371)
1245 3011 1353 3075 docuit
1370 3009 1466 3076 Gom-

276 3130 393 3214 paretln'
435 3129 526 3193 »aull’
570 3132 747 3194 autenticit&
789 3132 868 3195 dello
904 3132 1032 3218 epistole
1071 3129 1224 3195 Ovidiouo
1255 3135 1289 3196 di
1322 3131 1411 3219 Saffo
1446 3157 1466 3197 o

276 3249 439 3336 Focae’'³)
462 3273 494 3334 p.
519 3249 573 3315 25.
619 3249 737 3325 Quanti
769 3254 875 3315 autem
906 3251 1060 3314 momenti
1091 3251 1133 3315 sit
1164 3273 1200 3315 ea
1231 3274 1280 3317 res
1309 3254 1349 3317 ad
1372 3254 1465 3318 inda-

276 3371 416 3454 gandam
440 3368 587 3454 Sapphus
610 3371 763 3456 epistulae
789 3372 944 3456 originem
967 3373 1022 3436 uix
1045 3394 1125 3456 opus
1149 3376 1197 3437 est
1214 3395 1352 3441 monere.
1385 3374 1465 3441 (lum

277 3492 361 3555 enim
385 3491 449 3554 iam
473 3492 550 3556 satis
574 3514 729 3577 superque
753 3515 772 3556 a
794 3493 904 3558 multis
928 3494 1004 3557 uiris
1028 3494 1129 3558 doctis
1153 3495 1195 3558 sit
1212 3495 1465 3560 demonstratum

276 3612 383 3676 omnia
413 3612 470 3676 illa
500 3618 646 3698 excerpta
676 3635 714 3677 ex
746 3635 811 3677 uno
834 3617 1006 3699 eodemque
1030 3614 1202 3700 archetypo
1226 3617 1382 3701 originem
1406 3617 1465 3681 du·

310 3865 337 3930 1)
355 3865 443 3914 Theod.
470 3865 525 3913 Birt
551 3863 629 3928 (Mus.
654 3865 731 3915 Rhen.
759 3864 877 3915 XXXII.
901 3882 923 3930 p.
948 3867 1004 3914 394.
1031 3882 1056 3916 n.
1075 3867 1102 3930 l)
1120 3866 1161 3930 qui
1178 3869 1247 3931 putat
1265 3869 1318 3916 Nic.
1338 3870 1465 3921 Heiusinrn

275 3948 381 4013 primurn
406 3947 441 3995 ita
463 3947 587 3995 collocasse
611 3947 750 4010 epistulam,
775 3963 821 3996 nou
848 3963 902 3997 casu
926 3964 953 3996 ao
970 3948 1098 3997 diuinando
1115 3949 1154 3996 sed
1172 3949 1250 3997 codice
1265 3951 1367 4013 quodum
1385 3955 1464 4001 uetere

276 4046 344 4078 usum
370 4046 424 4078 eum
436 4029 474 4078 'id
501 4029 582 4078 fecisse
608 4046 636 4078 cx
658 4029 733 4094 ipsius
757 4030 809 4078 Nic.
836 4030 931 4078 Heinsii
954 4029 1031 4078 uerbis
1053 4031 1131 4080 minus
1154 4034 1217 4079 recte
1233 4031 1332 4093 colligit.
1358 4034 1422 4083 Nam
1438 4035 1464 4084 in

170 4141 173 4149 ·
278 4114 372 4162 Heiusii
397 4113 488 4172 uerbis,
514 4113 593 4162 citatis
611 4130 625 4161 a
643 4114 722 4162 Birtio
743 4114 858 4177 ,epistula
875 4113 1045 4176 utplurimum
1062 4113 1147 4163 reiecta
1164 4113 1190 4160 ia
1207 4116 1293 4162 calcem
1309 4115 1399 4176 operi?
1417 4133 1464 4166 uon

276 4196 392 4259 significat
416 4196 449 4244 Η.
475 4195 602 4260 epistularu
624 4196 649 4244 iu
673 4195 792 4260 plerisque
814 4196 880 4244 codd.
904 4195 929 4244 in
951 4195 1039 4244 calcem
1060 4195 1138 4260 operis
1155 4195 1267 4244 reiectam
1284 4212 1345 4256 esse,
1363 4197 1388 4247 in
1406 4190 1482 4248 non-⁴

276 4278 349 4327 nullis
372 4278 447 4340 igitur
464 4294 506 4326 sno
525 4277 576 4326 loco
593 4277 710 4336 inueniri,
729 4279 769 4326 sed
786 4277 925 4341 plerumque
942 4293 993 4326 eam
1010 4280 1064 4342 post
1080 4281 1169 4326 ceteras
1187 4279 1247 4328 Her.
1265 4278 1325 4343 legi,
1343 4280 1464 4331 interdum

275 4343 355 4408 tamen
375 4359 412 4408 uel
430 4360 515 4408 ceteris
530 4361 685 4424 praemissam
702 4375 751 4408 esse
769 4359 807 4408 nel
824 4359 850 4408 in
866 4360 932 4408 codd.
951 4359 1011 4408 alius
1027 4359 1150 4424 scriptoris
1167 4375 1266 4424 opernm
1283 4361 1396 4413 inueniri.

309 4444 337 4506 2)
356 4443 391 4490 (tf.
411 4444 470 4491 Dan.
490 4442 604 4491 Heinsius
623 4442 713 4491 ‚amico
729 4441 830 4491 lectori'’
847 4442 872 4491 in
891 4441 962 4491 Ouid.
981 4441 1082 4490 IllzcuIr.
1101 4442 1173 4491 1629.
1192 4443 1213 4492 1.
1232 4459 1254 4508 p.
1274 4445 1338 4494 XXI.

311 4527 335 4584 3)
356 4523 545 4573 „Pubblicaaioni
569 4524 607 4573 del
631 4525 659 4573 R.
686 4524 786 4573 Istituto
809 4524 833 4572 di
855 4524 918 4573 studi
940 4523 1057 4588 superiori
1080 4523 1104 4571 ln
1122 4522 1246 4572 FIreuze⁸'.
1266 4525 1320 4574 Vol.
1340 4527 1375 4576 II.
1396 4527 1462 4593 Disp.

275 4607 296 4656 I.
316 4606 388 4660 1876.
