3274 5292
865 369 930 438 114

295 577 333 621 ox
368 554 443 622 Her.
479 555 605 620 XVIII.
639 555 771 620 allatum
801 578 868 621 esse
899 556 1105 622 simillimum.
1141 555 1206 634 At,
1237 577 1314 641 paee
1343 555 1486 620 uirorum

294 698 490 742 summorum
511 675 732 742 Valckenaerii
751 682 783 742 et
804 676 988 743 Ruhnkenii
1009 678 1162 755 dixerim,
1175 699 1241 742 non
1254 677 1487 742 contemnenda

294 801 372 864 sunt
390 820 472 883 quae
492 799 602 863 attulit
619 797 824 864 Burmannus
849 803 885 862 ut
904 813 1064 887 praestat,
1090 800 1259 864 lectionem
1281 798 1317 863 in
1338 799 1485 863 omnibus

293 921 384 986 eodd.
409 921 579 998 traditam,
602 922 753 986 tueretur.
778 920 875 986 Reate
898 922 984 986 enim
1008 921 1086 986 dioit
1106 935 1266 1009 praestare
1287 924 1324 984 ut
1342 923 1375 984 et
1391 943 1486 1008 prue-
1620 923 1621 944 ¹

293 1045 360 1108 bere
382 1043 622 1108 beneuolentiae
645 1064 711 1108 esse
735 1044 886 1120 uerbum;
909 1045 947 1106 ut
970 1042 1065 1108 Trist.
1091 1047 1127 1106 ll.
1156 1042 1237 1108 235:
1260 1041 1327 1107 Nee
1346 1043 1402 1106 ribi
1420 1065 1485 1106 con-

292 1167 428 1250 tinpunt,
455 1188 531 1252 quae
551 1167 697 1262 pentibus¹
714 1167 778 1230 otiu
795 1177 957 1252 proretam
980 1165 1065 1229 Past
1088 1163 1145 1229 VI.
1169 1165 1254 1230 638:
1275 1163 1370 1229 Liuia
1391 1186 1484 1249 quam

295 1287 521 1372 [concordiam]
541 1311 613 1352 raro
627 1289 788 1374 praestitit
806 1289 876 1373 ipsu
896 1289 976 1352 uiro.
996 1285 1038 1352 ef.
1059 1285 1214 1351 Gronouii
1235 1284 1401 1350 Obseruat.
1423 1283 1483 1348 IV.

294 1409 324 1474 8.
349 1407 400 1474 Sia
423 1408 490 1474 Ibis
513 1431 559 1473 ur.
586 1407 649 1472 111
674 1429 736 1492 sq.:

428 1529 496 1595 Neo
519 1551 553 1594 se
576 1529 758 1609 Vulcanus,
782 1552 841 1596 neu
865 1553 898 1595 se
920 1530 980 1594 tibi
1002 1531 1157 1615 praebeat
1180 1531 1251 1594 adr!

472 1651 540 1716 Neo
564 1651 624 1716 tibi
648 1654 703 1716 det
725 1651 820 1717 tellus
843 1674 901 1717 neo
924 1652 985 1716 tibi
1007 1656 1125 1736 pontus
1148 1652 1226 1717 iter!

337 1773 458 1838 Eadem
478 1777 583 1838 autem
602 1774 722 1838 loeutio
737 1787 899 1861 praestare
916 1775 1008 1839 alicui
1031 1797 1146 1860 aequor
1168 1773 1343 1862 (puratum)
1367 1771 1485 1857 legitur

291 1894 369 1960 Met.
394 1893 455 1960 XI.
481 1894 544 1958 747
571 1916 640 1978 sq.:

425 2014 516 2080 Tune
538 2015 621 2080 iacet
643 2015 731 2080 unda
753 2016 859 2080 maris.
885 2018 998 2081 uentos
1022 2016 1160 2081 custodit
1184 2019 1216 2081 et
1240 2020 1327 2081 aroet

426 2136 542 2201 Aeolus
565 2157 710 2222 egressu,
735 2139 939 2222 praestatque
965 2138 1136 2223 nepotibus
1160 2158 1289 2222 aequor.

289 2258 330 2325 ef.
356 2281 395 2323 ex
417 2259 512 2325 Pont.
537 2258 580 2324 ΙΙ.
606 2260 637 2326 9.
664 2260 725 2324 27:

425 2379 458 2445 Si
481 2402 592 2465 paoem
615 2380 736 2445 nullam
759 2385 878 2466 pontus
902 2383 981 2447 mihi
1004 2385 1144 2466 praestet
1167 2383 1267 2449 eunti.

332 2627 382 2692 Ex
411 2628 466 2693 illo
503 2631 610 2693 autem
641 2649 735 2693 uersu
767 2648 805 2692 ex
837 2627 932 2692 Pont.
968 2627 1008 2691 II.
1040 2629 1071 2694 9.
1106 2629 1165 2712 27,
1190 2631 1227 2692 ut
1250 2628 1393 2706 uidetur,
1417 2629 1479 2692 iam

286 2749 364 2813 olim
387 2753 419 2814 et
443 2752 552 2814 nostro
578 2751 648 2814 loeo
671 2770 729 2834 pro
754 2752 876 2814 amanti
899 2749 950 2834 (ut
971 2753 1019 2814 est
1041 2749 1076 2812 in
1094 2750 1182 2835 fia,
1196 2774 1252 2832 aa,
1264 2753 1313 2836 p.)
1333 2749 1368 2812 in
1389 2749 1477 2813 eodd.

288 2870 334 2934 H.
358 2871 394 2934 F.
420 2895 464 2958 9⁷·
489 2895 508 2938 ς
535 2870 661 2935 illatum
690 2874 738 2934 est
767 2874 868 2948 eunti,
901 2871 987 2955 quod
1009 2874 1042 2934 et
1065 2869 1217 2935 Heinsius
1241 2871 1398 2954 malebat,
1423 2869 1477 2954 qui

287 2992 478 3056 obseruabat
508 2992 673 3057 Phaonem
700 2992 764 3058 diei
786 3014 853 3057 non
877 3014 968 3078 posse
991 2995 1161 3056 amantem.
1186 2991 1232 3056 At
1254 2993 1378 3057 obicere
1401 2991 1478 3056 mihi

286 3112 381 3178 liceat
403 3113 585 3192 Phaonem,
611 3115 637 3178 si
661 3117 785 3192 redeat,
808 3115 877 3198 ipso
901 3115 1006 3179 reditu
1029 3114 1196 3179 ostendere
1221 3136 1254 3178 ae
1277 3137 1401 3198 amare3
1429 3113 1475 3178 sin

287 3233 379 3299 al'ter
404 3235 519 3319 »longe
543 3235 668 3319 fugeret
690 3234 927 3320 Sapphonem”.
949 3234 1033 3310 Quin
1055 3239 1087 3299 et
1107 3235 1210 3319 ipsum
1229 3257 1378 3320 praesens
1396 3238 1477 3300 tem·

286 3379 346 3441 pus
368 3371 509 3446 praestat
533 3361 625 3423 docet
647 3358 819 3443 legendum
842 3381 908 3423 esse
932 3361 1069 3422 amantI:
1094 3379 1162 3422 non
1186 3357 1271 3422 enirn
1294 3359 1329 3421 in
1350 3357 1478 3421 uniuer-

287 3502 356 3544 sum
389 3477 499 3544 Venus
530 3479 630 3544 cuiuis
653 3483 771 3544 haume
793 3481 914 3544 saluam
940 3481 1014 3544 dare
1038 3479 1119 3544 solet
1142 3480 1400 3564 nauigationem,
1424 3479 1477 3544 sed

154 3679 159 3685 Ι
286 3601 324 3665 iis
355 3603 481 3665 tantum
511 3602 566 3686 qui
597 3601 659 3685 ipsi
689 3603 820 3686 parent,
844 3601 865 3666 i.
881 3623 908 3666 e.
932 3603 1117 3667 nutantibus.
1142 3600 1246 3676 Quare
1269 3601 1388 3686 optime
1412 3622 1477 3666 sese

285 3721 402 3786 habere
423 3722 592 3787 lectionem
616 3747 703 3788 utare
722 3735 866 3810 praestat
889 3727 1011 3788 emanti
1032 3745 1216 3808 persuasum
1239 3724 1350 3789 habeo.

329 3843 420 3919 Quod
442 3866 517 3909 uero
540 3845 658 3909 attinet
681 3846 721 3910 ad
743 3846 776 3909 id
795 3847 881 3929 quod
900 3845 1066 3930 proposuit
1087 3845 1267 3924 Baehrens,
1288 3847 1309 3910 l.
1323 3848 1345 3911 l.
1368 3869 1399 3931 p.
1414 3848 1475 3912 66:

292 3966 392 4032 Venus
424 3979 494 4032 ortu
523 3970 608 4031 mari
629 3989 715 4031 mare
734 3979 894 4054 praestat,
920 3970 1005 4032 eunti
1027 3966 1120 4032 Aura
1141 3969 1227 4033 dabit
1249 3991 1373 4032 curasan
1397 3972 1475 4047 oet,

282 4088 498 4172 recipiendum
529 4087 561 4150 id
592 4109 659 4152 non
690 4108 756 4152 esse
785 4087 937 4153 arbitror:
962 4110 1065 4172 neque
1088 4089 1173 4153 enim
1196 4091 1281 4154 eunti
1302 4092 1386 4153 reete
1410 4111 1475 4154 esse

283 4209 454 4294 seriptum,
478 4230 580 4292 neque
604 4231 690 4273 mare
708 4221 852 4296 praestat
875 4210 920 4273 sio
944 4212 1029 4273 nude
1054 4209 1193 4293 positum
1214 4231 1307 4294 porse
1327 4209 1474 4287 tolerari,

281 4333 367 4414 quod
386 4331 527 4415 requirat
546 4330 653 4414 potius
674 4334 784 4394 aut-
796 4332 834 4395 ut
851 4330 918 4415 ipse
937 4330 1099 4396 Baehrens
1121 4332 1247 4397 monuit
1275 4369 1316 4380 -·
1330 4332 1476 4396 additum

278 4451 407 4536 aliquod
450 4453 544 4536 quale
581 4455 653 4516 mite
686 4452 737 4516 uel
767 4465 931 4538 puratum,
965 4455 1021 4516 aut
1056 4453 1202 4517 datiuum
1238 4454 1278 4518 ad
1310 4453 1476 4518 Phaonem

281 4576 495 4657 spectantem,
519 4577 556 4637 ut
579 4572 725 4637 similiter
747 4576 796 4636 est
819 4573 853 4636 in
877 4573 955 4637 loeis
978 4571 1144 4638 Ouidianis
1169 4596 1264 4658 supra
1287 4573 1445 4639 indicatis.
