3324 5284
819 371 883 413 VIII

257 531 363 592 autem
377 529 464 594 MSS.
479 531 634 614 singulari
645 531 869 595 beneuolentia
881 555 900 594 a
920 531 985 597 VV.
1000 535 1083 595 doct.
1098 532 1312 617 compluribus
1325 533 1450 598 adiutus

257 672 345 734 sum,
366 671 500 734 quorum
521 652 586 715 suis
606 652 683 715 locis
701 653 734 715 in
750 653 984 736 Prolegomenis
1005 657 1096 736 grato
1116 653 1222 716 animo
1243 654 1449 731 recordabor3

255 771 402 854 inprimis
426 793 500 835 uero
524 773 646 836 eximiis
669 773 730 837 sibi
756 796 805 836 me
830 774 1045 837 deuinxerunt
1064 774 1225 838 beneficiis
1245 772 1449 839 Consanum

257 898 290 958 et
313 894 528 972 Snnrnnrnn,
553 895 623 959 Viri
647 895 836 981 Clarissimi,
863 896 978 980 quibus
1001 897 1120 980 gratias
1142 897 1244 960 habeo
1265 919 1451 981 semperque

259 1016 383 1081 habebo
407 1039 503 1100 quam
528 1018 691 1082 maximas.

303 1141 341 1203 In
381 1141 609 1204 commentario
644 1141 684 1204 ad
714 1133 892 1224 Epistulam
925 1140 1069 1224 singulos
1101 1162 1209 1204 uersus
1240 1163 1312 1204 oum
1343 1140 1450 1205 Ouidii

258 1260 452 1324 carminibus
475 1262 585 1344 procul
609 1262 705 1325 dubio
732 1262 882 1344 genuinis
905 1262 1014 1325 sedulo
1039 1262 1230 1346 comparaui.
1253 1261 1451 1346 Quamquam

258 1379 343 1443 enim
374 1381 458 1444 haud
489 1382 604 1465 ignoro
636 1405 674 1446 ex
705 1383 857 1448 eiusmodi
888 1382 964 1447 locis
992 1383 1078 1446 inter
1100 1405 1133 1447 se
1157 1385 1365 1468 comparatis,
1391 1385 1452 1448 nisi

259 1502 321 1564 alia
358 1504 511 1566 accedant
549 1509 756 1588 argumenta,
791 1506 869 1568 certi
898 1505 1067 1588 quicquam
1099 1505 1137 1568 de
1168 1505 1267 1589 ipsius
1303 1506 1452 1570 carminis

258 1626 386 1687 auctore
418 1623 498 1688 effici
529 1624 618 1688 nullo
651 1628 745 1688 modo
777 1647 885 1711 posse,
920 1647 985 1689 non
1011 1631 1118 1691 tamen
1142 1627 1256 1691 inutile
1284 1627 1453 1691 uidebatur

259 1745 343 1809 hanc
376 1746 571 1828 quaestionis
603 1752 743 1832 partem,
774 1769 840 1812 non
872 1749 935 1812 nisi
966 1749 1069 1813 obiter
1092 1749 1196 1813 adhuc
1221 1749 1452 1825 examinatam,

261 1866 362 1930 fusius
385 1870 482 1951 atque
505 1869 632 1933 uberius
656 1870 694 1933 de
716 1871 875 1934 industria
898 1873 1086 1954 retractare3
1112 1870 1196 1933 unde
1211 1908 1250 1917 -
1266 1871 1452 1952 praesertim

261 2009 332 2051 curn
357 1994 471 2073 agatur
494 1993 533 2054 de
556 1993 651 2075 poeta
673 1992 775 2074 qualis
798 1991 860 2055 fuit
883 1990 1016 2055 Ouidius
1041 2029 1080 2038 -
1106 1991 1219 2075 quanti
1238 1991 1359 2056 fructus
1379 2013 1452 2074 pos-

262 2111 328 2174 sint
357 2113 535 2176 redundare
568 2113 745 2197 exemplum
778 2115 871 2178 docet
894 2113 1066 2177 Wolframi
1089 2113 1265 2198 Zingerlei,
1292 2114 1347 2198 qui
1370 2113 1455 2177 hano

262 2232 348 2295 uiam
379 2232 542 2317 ingressus
573 2235 611 2297 de
642 2234 817 2298 Heroidum
841 2235 982 2319 epistulis
1006 2236 1151 2320 (excepta
1174 2239 1282 2298 tamen
1307 2233 1456 2318 Sapphus

263 2354 412 2440 epistula)
436 2355 556 2438 optime
579 2360 627 2420 est
652 2356 782 2420 meritus
797 2355 830 2443 ¹).

307 2599 420 2663 Restat
450 2605 487 2663 ut
518 2601 637 2684 fungar
661 2600 780 2677 officio,
806 2623 870 2685 quo
894 2602 1018 2665 nullum
1044 2602 1122 2665 mihi
1146 2601 1326 2686 exoptatius
1349 2603 1460 2685 potest

263 2721 420 2798 accidere,
451 2725 488 2785 ut
518 2722 557 2785 iis
589 2722 709 2806 gratias
741 2743 852 2806 agam,
885 2745 1019 2806 quorum
1051 2723 1254 2787 institutione
1277 2722 1461 2787 academica

263 2842 325 2906 frui
361 2842 440 2905 mihi
476 2844 619 2928 contigit.
667 2843 706 2907 In
742 2844 858 2928 quibus
892 2843 939 2907 Tu
977 2848 1095 2927 primus
1131 2844 1368 2927 compellandus
1403 2865 1460 2920 es,

263 2960 443 3027 Clarissimo
468 2961 704 3042 Coaauussaa,
731 2970 895 3048 promotor
920 2965 1180 3029 aestimatissime.
1213 2964 1262 3027 Ex
1286 2984 1348 3047 quo
1368 2965 1460 3028 enim

263 3091 405 3167 tempore
437 3083 470 3146 in
501 3084 561 3148 hac
593 3085 809 3149 Vniuersitate
840 3085 955 3150 litteris
979 3108 1107 3169 operam
1133 3107 1250 3148 nauare
1273 3084 1379 3168 coepi,
1406 3085 1461 3150 Tu

264 3205 343 3269 mihi
375 3206 526 3270 exstItisti
557 3211 590 3269 et
620 3193 797 3271 studiorum
830 3208 895 3270 dux
931 3207 1128 3271 fidelissimus
1160 3209 1193 3270 et
1222 3206 1329 3268 fautor
1358 3205 1461 3270 bene-

264 3328 508 3392 uolentissimus.
548 3328 654 3392 Hoccc
678 3332 782 3392 autem
809 3329 994 3412 opusculum
1019 3327 1234 3392 conscribenti
1258 3330 1291 3390 et
1313 3327 1461 3393 consiliis

264 3453 296 3512 et
324 3450 454 3514 moultis
485 3473 580 3535 quam
605 3450 831 3514 humanissime
855 3451 994 3514 adfuisti.
1030 3449 1170 3524 Quorum
1194 3449 1337 3512 omnium
1361 3455 1463 3530 grata

263 3573 440 3636 recordatio
464 3573 633 3636 exanimo
658 3594 727 3635 meo
751 3570 1128 3655 numquam‘euanescet.

309 3694 370 3777 Te,
396 3693 576 3759 Clarissimo
600 3693 719 3772 Conna,
744 3696 948 3779 praeceptore
974 3693 1021 3756 uti
1042 3693 1127 3777 quod
1150 3693 1226 3755 mihi
1247 3693 1466 3777 perquinque

265 3839 367 3882 annos
398 3817 503 3894 licuit,
535 3817 679 3880 laetabor
709 3839 831 3900 semper
862 3820 894 3880 et
914 3816 1083 3900 gloriabor.
1121 3814 1190 3879 Tua
1214 3817 1252 3879 de
1276 3816 1465 3900 litterarum

267 3943 408 4004 ueterum
431 3938 599 4022 disciplina
623 3939 717 4001 etde
740 3938 952 4001 Vniuersitate
976 3937 1121 4001 Leidensi
1142 3938 1255 4000 merita
1274 3936 1468 4021 praedicare

266 4083 331 4125 non
363 4083 467 4124 meum
488 4063 544 4126 est.
579 4059 641 4125 Sed
665 4063 749 4143 quod
775 4082 877 4123 meum
902 4064 967 4135 est,
992 4059 1025 4122 id
1050 4063 1210 4142 praestare
1234 4059 1391 4122 conabor:
1423 4075 1470 4128 ut

265 4182 342 4245 Tuis
364 4182 539 4266 praeceptis
564 4182 706 4245 imbutus
730 4181 860 4264 Tuoque
886 4181 1028 4264 exemplo
1049 4180 1202 4244 incitatus
1221 4181 1254 4243 in
1277 4180 1471 4249 excolendis

280 4368 446 4378 ...η-κ,

301 4422 325 4480 1)
350 4422 387 4470 W.
412 4422 533 4486 Zingerle,
565 4421 775 4487 Ualermrhunqen
799 4437 843 4470 aar
865 4419 1058 4486 Ecttdcitasruqc
1074 4420 1116 4470 der
1135 4417 1256 4470 Heroida
1276 4419 1357 4470 Ovid‘s
1384 4422 1474 4474 Ocni·

266 4507 332 4570 pont.
350 4505 422 4558 1878.
1087 4514 1089 4518 '
