3324 5284
764 521 803 585 51

194 706 263 770 dem
297 706 391 770 nimis
414 705 570 770 insulsum
595 708 627 770 61
649 706 812 770 inficetum
836 707 915 770 mihi
940 705 1064 771 uidetur
1088 710 1262 791 poetaeque
1287 708 1386 772 nost'

195 828 326 911 ingenio
349 848 478 912 prorsus
501 827 680 912 indignum.

240 948 377 1033 Dignius
400 949 543 1034 prolecto
568 953 600 1013 et
623 951 866 1015 conuenientius
886 973 933 1018 us.
961 953 1003 1016 34
1027 951 1104 1016 dicit
1127 950 1257 1036 Sappho
1270 973 1388 1017 nomen

194 1071 254 1135 sibi
285 1093 351 1135 esse
381 1075 464 1158 quod
488 1085 587 1136 terras
610 1073 739 1158 impleut
763 1096 865 1138 omues
889 1095 1132 1158 mensuramque
1158 1073 1224 1137 eius
1248 1074 1388 1138 nominis

193 1191 270 1256 ferri
294 1215 312 1256 a
335 1215 367 1257 se
390 1193 477 1278 ipss,
497 1197 535 1257 ut
558 1194 767 1258 consimiliter
791 1217 829 1258 ex
853 1195 947 1259 Pont.
972 1194 999 1259 I.
1026 1196 1055 1259 2.
1084 1196 1120 1259 1:
1229 1235 1232 1242 ·

442 1315 600 1394 Maxime,
625 1315 680 1400 qui
705 1317 788 1381 tanti
811 1339 992 1381 mensuram
1017 1317 1157 1381 nominis
1181 1317 1304 1402 imples.

193 1432 278 1500 Fast.
292 1433 318 1498 Ι.
332 1436 415 1500 103;
441 1435 576 1520 Magne,
601 1441 694 1500 tuum
718 1459 835 1502 nomen
858 1437 964 1502 rerum
988 1441 1036 1503 est
1060 1461 1209 1504 mensura
1228 1443 1367 1504 tuarum.

194 1555 271 1619 Met.
283 1554 358 1620 XII.
373 1556 437 1621 617
452 1579 517 1641 sq.:
542 1544 589 1621 'At
614 1558 697 1621 uiuit
718 1561 825 1622 totum
849 1581 929 1643 quae
952 1560 1055 1644 glorie
1078 1560 1236 1645 compleat
1260 1561 1389 1626 orbem:

545 1677 634 1743 Haec
656 1679 705 1743 illi
728 1702 877 1745 mensura
897 1681 966 1745 uiro
990 1683 1162 1765 respondet
1189 1721 1229 1732 -

195 1797 272 1863 Her.
297 1799 355 1864 IX.
383 1800 464 1867 109:
545 1801 599 1865 1111
622 1801 767 1885 procedit
790 1823 897 1866 rerum
922 1824 1069 1866 mensura
1094 1805 1231 1868 tuarum.

241 1919 321 1986 (lum
344 1943 419 1986 uero
444 1944 553 1987 uersus
577 1924 739 1988 338-348
763 1923 804 1988 11
827 1925 1057 2008 interpolatore
1080 1925 1219 2008 quodam
1244 1947 1309 1989 esse
1334 1927 1391 1990 ad-

196 2043 279 2108 ditos
305 2081 345 2092 -
371 2048 408 2109 ut
438 2045 597 2130 putabant
628 2045 764 2110 editores
787 2045 931 2130 plerique
956 2083 996 2094 -
1022 2045 1090 2110 ueri
1114 2067 1180 2110 non
1204 2047 1245 2110 sit
1269 2047 1388 2134 simile,

195 2187 304 2231 uersus
334 2169 443 2230 tamen
476 2168 534 2232 348
563 2167 608 2231 sic
637 2169 674 2231 ut
697 2188 784 2230 nunc
809 2169 857 2230 est
881 2166 956 2230 ferri
979 2171 1116 2251 nequeat
1139 2188 1197 2232 nec
1221 2169 1392 2234 concordet

196 2310 267 2353 cum
292 2311 353 2356 uss.
380 2291 514 2362 33-34
537 2290 628 2374 (quos
652 2289 762 2373 utique
786 2311 853 2352 esse
877 2288 1031 2372 genuinos
1055 2287 1105 2352 uel
1130 2311 1148 2352 e
1168 2290 1392 2355 uetustissimis

196 2409 274 2474 Exc.
306 2410 407 2476 Paris.
436 2411 599 2496 apparet),
624 2411 705 2475 solui
728 2432 820 2495 posse
848 2410 951 2474 nodus
973 2410 1036 2475 hoc
1058 2431 1124 2474 uno
1149 2411 1242 2475 modo
1265 2411 1391 2476 uidetur

196 2532 223 2596 si
246 2535 367 2597 statuas
390 2532 566 2616 genuinum
589 2531 717 2616 quidem
740 2553 806 2596 esse
831 2531 992 2597 distichon
1015 2530 1094 2595 illud
1117 2533 1297 2610 338-348,
1319 2555 1391 2596 uer-

197 2675 265 2717 sum
301 2658 409 2718 tamen
446 2655 504 2718 348
537 2653 628 2747 foede
663 2677 729 2719 esse
763 2656 966 2738 corruptum,
1000 2654 1119 2738 quippe
1150 2655 1184 2718 in
1217 2676 1280 2738 quo
1312 2659 1392 2720 esset

198 2776 356 2859 agendum
387 2776 426 2841 de
458 2776 614 2840 breuitate
645 2797 712 2841 non
744 2776 885 2840 nominis
908 2778 963 2840 sed
987 2776 1143 2860 corporis,
1168 2779 1205 2840 ut
1229 2777 1322 2840 docet
1342 2800 1389 2842 us.

187 2899 261 2990 33,
286 2898 341 2963 111
364 2897 494 2983 Sappho
518 2900 693 2963 concedens
717 2921 849 2983 paruam
873 2876 933 2964 sibi
956 2920 1023 2963 esse
1046 2900 1201 2973 staturam
1221 2899 1389 2978 exclamat3

200 3019 277 3085 Sum
296 3005 427 3086 'ereum
457 3034 492 3086 at
519 3045 628 3086 uonna
660 3025 719 3087 cet.
756 3021 868 3086 Totius
898 3022 998 3106 igitur
1029 3021 1090 3086 loci
1123 3021 1282 3086 sententia
1314 3022 1393 3087 haec

199 3142 265 3207 fere
295 3143 392 3208 fuisse
426 3143 573 3208 uidetur:
621 3143 720 3210 »Noli
755 3166 806 3208 me
841 3144 1000 3228 despicere
1035 3146 1122 3228 quod
1154 3166 1223 3208 sum
1259 3165 1390 3229 corpore

154 3324 157 3331 .
200 3287 299 3348 parua
323 3264 366 3351 1),
404 3265 473 3331 noli
506 3266 674 3350 ingenium
707 3287 812 3330 meum
836 3265 941 3330 metiri
965 3287 1003 3329 ex
1026 3265 1140 3329 humili
1163 3287 1234 3328 mea
1258 3267 1388 3329 statura.

200 3383 340 3470 Corpore
371 3409 440 3451 sum
472 3387 605 3470 exiguo,
637 3386 755 3464 fateor,
789 3389 844 3451 sed
870 3408 987 3450 nomen
1011 3387 1090 3450 mihi
1112 3388 1159 3450 est
1183 3405 1334 3468 magnum
1360 3388 1392 3448 61

199 3509 358 3593 amplum,
384 3509 486 3594 gloria
509 3532 579 3574 mes
603 3532 659 3593 per
682 3530 811 3573 omnem
834 3510 990 3573 terrarum
1014 3509 1123 3573 orbem
1144 3510 1192 3572 est
1211 3507 1389 3573 celebrata:

200 3629 277 3695 haec
301 3634 350 3695 est
371 3653 537 3710 mensure,
562 3653 625 3716 qua
649 3631 754 3696 metiri
776 3652 827 3695 me
850 3630 977 3694 debes.'’

246 3752 412 3829 Quomodo
444 3756 550 3818 eutem
582 3777 629 3820 us.
664 3755 721 3818 348
752 3756 888 3837 apoets
910 3752 1008 3816 fuerit
1030 3751 1181 3837 scriptus,
1209 3752 1298 3817 nulla
1321 3775 1391 3818 um-

200 3897 295 3962 quem
318 3877 501 3942 coniectura
525 3877 693 3962 quisquam
719 3879 912 3960 assequetur.
936 3874 1017 3941 Cum
1042 3875 1127 3939 enim
1148 3875 1270 3940 librarii
1282 3875 1392 3940 oculus

200 3999 240 4064 ab
271 3999 332 4064 hoc
364 4021 458 4064 uersu
482 4000 521 4063 ad
545 4003 728 4083 sequentem
752 4001 1005 4083 pentametrum,
1029 3999 1145 4063 similia
1169 3999 1265 4064 uerba
1288 3999 1392 4064 conti·

200 4125 347 4200 nentem,
372 4122 418 4186 ita
442 4121 638 4186 aberrauerit
661 4125 697 4184 ut
719 4123 891 4205 utrumque
915 4143 962 4186 us.
986 4121 1148 4206 misceret,
1175 4104 1248 4186 tots*
1263 4124 1391 4184 restam
1472 4151 1476 4160 =

199 4243 311 4308 misere
341 4247 390 4308 est
421 4243 626 4327 perturbata,
650 4245 687 4306 ut
710 4243 745 4305 in
767 4242 931 4326 integrum
953 4242 1079 4306 restitui
1103 4243 1167 4306 iam
1190 4264 1258 4307 non
1280 4240 1390 4325 possit.

233 4504 261 4570 1)
284 4505 346 4554 Cum
368 4519 415 4554 uss.
440 4506 486 4553 331
503 4505 553 4553 Nec
569 4519 604 4553 me
621 4503 735 4566 depictas
751 4502 824 4551 11111
834 4502 878 4551 titi
886 4517 978 4565 corpore
983 4517 1060 4565 parem
1070 4501 1206 4550 conferatur
1216 4499 1394 4548 Pseudo-Ouid.

200 4587 229 4636 16
251 4588 346 4637 aurium
367 4587 522 4637 medicamine
545 4585 665 4651 (Seehodii
689 4585 754 4634 Bibl.
779 4585 834 4634 crit.
852 4585 926 4634 1829.
944 4599 967 4632 n.
987 4585 1030 4642 613
1051 4585 1133 4641 Kuna,
1151 4581 1187 4630 l.l.
1204 4598 1227 4647 p.
1245 4582 1290 4647 29)
1311 4597 1345 4632 us.
1363 4582 1392 4632 1:

199 4671 237 4721 Nc
253 4669 299 4720 titi
315 4671 463 4735 displiceam,
480 4668 538 4733 quia
553 4669 587 4718 sie
602 4685 653 4717 sum
670 4683 763 4725 corpore
777 4683 873 4732 parum.
892 4665 927 4715 01.
947 4665 1071 4715 Theodulf.
1090 4663 1214 4714 Aurelian.
1229 4665 1308 4714 Germ.
1319 4663 1355 4713 II.
1367 4662 1395 4713 2.

199 4770 234 4804 us.
254 4755 300 4804 31:
319 4755 370 4804 Nec
388 4753 432 4803 titi
447 4752 589 4816 displiceant
604 4752 714 4815 quoniam
729 4755 787 4801 sumt
803 4765 897 4814 corpora
911 4764 995 4812 pansa.
