3274 5292
192 628 377 707 Ἀκτιαικός,
402 631 448 694 ita
466 631 570 695 dictus
595 630 634 695 ab
660 631 755 697 Actio
779 635 1018 715 promunturio,
1046 637 1078 697 et
1102 634 1142 698 ab
1163 636 1251 699 Acte.
1277 634 1385 700 Actia·

191 777 243 817 cue
266 751 446 836 appellatur
470 751 588 838 Apollo
613 775 639 817 e.
652 773 684 836 g.
709 753 787 818 Met.
812 753 903 818 XIII.
930 754 995 818 714
1019 775 1085 838 sq.:
1109 754 1311 821 Ambraciam

193 873 318 939 Actiaco
350 897 428 960 quac
457 897 537 939 nunc
566 876 604 938 ob
640 873 785 963 Apolline
808 888 882 940 uota
905 888 950 940 cst
973 875 1025 960 (cf.
1052 875 1137 940 Fast.
1162 876 1188 940 I.
1216 877 1295 942 711:
1320 875 1383 943 Ac-

194 997 290 1058 tioccc
306 995 462 1081 frondes),
485 998 516 1059 et
539 995 585 1060 sio
607 1017 666 1080 pro
689 995 839 1062 Actorum
862 996 983 1060 habent
1005 995 1166 1063 Actiacum
1189 997 1250 1062 hoc
1274 1001 1384 1063 nostro

192 1116 262 1180 loco
292 1119 324 1204 f.
349 1111 378 1181 Ιι.
400 1143 468 1204 pp,
501 1118 586 1202 quod
616 1118 726 1203 utique
757 1121 825 1183 erat
855 1119 1085 1202 recipiendum,
1117 1119 1385 1204 confirmaturque

192 1258 286 1301 uersu
311 1236 394 1303 185:

327 1358 393 1425 Cur
415 1364 524 1425 tomen
548 1361 712 1426 Aorrlors
737 1363 883 1426 miseram
907 1384 958 1427 mc
981 1362 1081 1428 mittis
1104 1363 1143 1426 ad
1167 1383 1247 1426 oras.

234 1482 421 1549 anosnrvs
445 1483 561 1548 dicitur
582 1482 719 1567 Apollo„
741 1488 777 1549 ut
794 1483 889 1548 Trist.
912 1483 969 1549 HI.
998 1485 1027 1548 1.
1050 1485 1112 1562 42;
1139 1484 1175 1549 V.
1203 1486 1234 1548 2.
1262 1485 1315 1550 76.
1340 1483 1381 1547 cf.

190 1603 286 1688 Prop.
319 1603 378 1671 III.
414 1605 466 1671 11.
501 1606 554 1670 69.
587 1625 703 1670 POPVLI
735 1626 793 1689 pro
824 1607 977 1684 nominer,
1001 1607 1137 1694 populus
1162 1609 1199 1669 ut
1222 1605 1299 1672 Mel.
1324 1605 1383 1672 VI.

192 1723 274 1805 546;
300 1725 360 1790 XI.
386 1726 470 1805 645,
496 1729 557 1794 oet.

234 1972 291 2039 Vs.
318 1975 382 2040 168
412 1997 472 2060 pro
502 1975 603 2040 Mrsrr
636 1996 674 2038 rr
706 1995 841 2040 incenso
873 1997 1020 2040 cosroes
1051 1997 1186 2041 rarssrr
1217 1996 1319 2050 novos
1342 1978 1378 2040 in

189 2095 234 2161 H.
259 2095 296 2161 F.
330 2099 378 2161 est
408 2097 561 2181 scriptum
592 2097 685 2161 Misit
715 2110 744 2162 ct
774 2100 807 2161 iu
838 2099 972 2184 liquidos
1001 2102 1138 2186 pondere
1164 2124 1198 2187 p.
1223 2124 1271 2182 a,
1297 2099 1382 2183 quod

188 2217 350 2283 Baehrens
380 2219 402 2284 l.
416 2218 437 2283 l.
466 2242 497 2303 p.
523 2220 563 2283 61
590 2223 694 2283 mutat
716 2219 752 2282 in
775 2219 868 2284 Misit
889 2243 940 2285 aco
964 2221 1096 2306 liquidos
1115 2224 1252 2308 pondere
1271 2247 1308 2308 p.
1333 2245 1381 2304 o.,

189 2341 308 2406 scilicet
340 2363 357 2406 e
387 2363 435 2406 us·
462 2342 525 2408 177
550 2363 636 2426 sqq.:
673 2366 752 2406 arara
774 2343 896 2406 subito:
919 2355 948 2406 ct
970 2366 1037 2407 mec
1060 2367 1121 2408 noo
1144 2367 1290 2427 mappam
1314 2366 1381 2407 ror-

185 2486 267 2551 pora
294 2466 419 2549 poncias
450 2464 568 2528 babent.
607 2464 654 2527 To
684 2487 817 2550 quoquc,
844 2463 944 2528 mollis
968 2463 1084 2541 Amor,
1105 2467 1222 2551 pinuae
1246 2489 1382 2551 suppone

189 2587 326 2662 cadram
350 2609 387 2650 ae
407 2588 467 2650 eim
490 2585 661 2650 Leucadiae
684 2599 808 2650 mortua
832 2588 945 2650 cumea
968 2610 1083 2672 oquae,
1107 2585 1244 2651 efficiens
1263 2587 1380 2652 saltum

191 2705 384 2772 Leucadium
412 2706 548 2772 feliciter
578 2707 698 2771 factum
731 2707 777 2771 ita
808 2707 869 2772 sibi
892 2711 998 2772 mente
1021 2707 1148 2772 finxisse
1172 2712 1318 2792 poetam,
1343 2701 1380 2773 ut

191 2832 370 2895 seruaretur
404 2851 495 2914 quem
528 2830 618 2893 uenti
646 2828 768 2894 ferrent
797 2829 832 2893 in
863 2829 956 2914 litus,
982 2829 1099 2915 periret
1129 2851 1222 2915 quem
1253 2833 1380 2916 pondus

190 2951 371 3017 detraheret
398 2951 434 3016 in
458 2954 569 3017 undas.
595 2950 685 3027 Quod
711 2955 819 3016 tamen
841 2974 919 3016 num
942 2973 981 3015 ex
1002 2950 1066 3018 illis
1088 2972 1150 3016 uss.
1175 2952 1276 3036 possit
1300 2951 1381 3017 effici

191 3075 403 3141 dubitandum
433 3078 500 3150 est,
523 3074 638 3158 quibus
660 3073 720 3137 hoo
745 3075 871 3137 tentum
893 3073 1015 3156 precari
1040 3071 1170 3157 Sappho
1194 3073 1320 3137 uidetur
1343 3077 1380 3138 ut

189 3218 285 3262 aurae
303 3200 336 3260 et
353 3195 481 3261 Amoris
501 3195 619 3260 auxilio
640 3194 739 3259 saltus
758 3195 807 3258 uis
826 3194 887 3258 sibi
906 3196 1108 3272 attenuetur,
1128 3196 1210 3259 siout
1229 3199 1261 3258 et
1272 3195 1311 3260 iis
1324 3195 1376 3278 qui

189 3318 231 3382 ob
267 3339 387 3405 morem
416 3316 452 3381 in
482 3314 643 3401 Apollinis
674 3315 763 3380 cultu
791 3315 975 3379 institutum
1006 3316 1045 3379 de
1074 3314 1131 3378 illo
1155 3317 1378 3400 promunturio

189 3438 497 3524 praecipitabantur,
520 3439 648 3522 plumae
671 3457 807 3521 auosque
829 3435 1089 3520 subigebantur,
1112 3457 1177 3500 non
1196 3441 1233 3500 ut
1249 3437 1284 3501 in
1303 3437 1379 3503 litus

190 3561 265 3626 sicci
296 3561 495 3625 deferrentur
522 3560 576 3624 sed
607 3563 645 3624 ut
674 3559 811 3643 impetus
840 3557 1043 3640 frangeretur
1072 3579 1163 3622 casus
1192 3557 1378 3644 faciliusque

190 3703 207 3747 e
238 3683 318 3746 mari
348 3683 383 3747 in
412 3682 569 3747 nauiculis
597 3685 727 3766 possent
762 3679 864 3764 excipi
877 3676 913 3763 1).
950 3678 994 3742 Et
1028 3679 1171 3744 mersisse
1205 3701 1314 3745 reuera
1344 3683 1379 3745 in

190 3804 271 3868 mari
297 3804 352 3888 qui
373 3805 449 3869 inde
472 3825 505 3868 se
528 3802 714 3868 deiecissent
736 3801 803 3866 ueri
826 3801 863 3865 fit
885 3800 987 3864 simile
1011 3822 1037 3864 e.
1052 3821 1083 3884 g.
1107 3822 1145 3864 ex
1166 3801 1379 3867 Anacreontis

188 3927 302 4011 fragm.
326 3925 407 3992 XIX
431 3925 580 4012 (Bergk):

324 4046 447 4129 Ἀρθεὶς
472 4045 556 4122 δηῦτ’
580 4046 642 4111 riri
666 4044 823 4118 Λευκάδος

321 4168 432 4250 πέτρης
457 4170 487 4242 ἐς
512 4168 616 4233 πολιὸν
640 4171 728 4242 κῦμα
753 4165 919 4244 concutiet,
946 4164 1071 4242 μεθύων
1096 4163 1190 4247 ἔρωτι.

232 4289 336 4366 Quare
357 4312 543 4376 permanere
564 4290 600 4354 in
622 4289 757 4357 lectione
781 4288 914 4372 uulgata
937 4289 1038 4353 tutius
1063 4291 1111 4353 est
1135 4288 1248 4354 uisum.

194 4529 389 4542 ——..-.—...

223 4665 251 4730 1)
268 4663 353 4715 Strabo
370 4666 399 4714 X.
416 4663 475 4713 452.
