3324 5284
835 363 878 427 48

257 547 490 613 demonstrasse
515 547 593 611 mihi
617 546 727 612 uideor
750 545 831 610 nihil
856 546 958 610 inesse
981 545 1015 608 in
1041 544 1137 610 hoeee
1160 566 1273 623 uersu,
1296 548 1450 630 quotam

257 689 355 754 graue
378 669 529 734 iudicium
548 667 748 733 defendatur.

206 957 209 964 =
302 910 357 977 Vs.
385 913 437 976 26.
464 931 539 976 runs
564 932 626 976 vri.
652 931 726 976 mun
751 933 809 995 pro
833 911 904 976 laea
926 913 975 976 uel
998 913 1063 990 illa,
1088 916 1124 977 ut
1147 911 1223 977 Am.
1248 911 1271 976 Ι.
1298 914 1329 977 8.
1354 914 1416 982 84:

544 1033 587 1098 Et
609 1034 731 1098 faciant
754 1034 832 1098 udas
854 1033 908 1098 ille
932 1035 984 1098 uel
1007 1034 1061 1099 ille
1085 1056 1195 1119 genas.

257 1154 343 1220 Fast.
369 1155 408 1221 V.
438 1157 517 1221 188:
543 1153 706 1221 Conuenit
728 1155 762 1219 in
784 1156 894 1220 laudes
916 1155 971 1220 ille
994 1157 1046 1220 uel
1069 1156 1123 1220 ille
1147 1159 1227 1222 tuas.

303 1277 359 1342 Vs.
384 1279 437 1343 27.
470 1277 665 1343 Pueasmus,
695 1277 737 1342 ef.
762 1277 838 1342 Met.
866 1277 906 1344 V.
932 1279 1014 1355 262;
1037 1277 1133 1343 Trist.
1158 1279 1220 1344 III.
1247 1281 1276 1346 7.
1302 1278 1360 1344 15:
1386 1280 1450 1346 Pe-

255 1402 381 1484 gasidas
404 1403 512 1466 undas.
537 1403 577 1466 ef.
602 1400 745 1485 Propert.
771 1400 832 1465 III.
862 1403 889 1464 1.
919 1401 976 1465 19:

438 1521 566 1600 Mollia,
590 1523 777 1606 Pegasides,
802 1523 876 1586 date
900 1525 1007 1587 uestro
1031 1527 1114 1587 serta
1136 1528 1259 1608 poetae.

316 1643 482 1729 Pegasides
506 1645 584 1709 mini
605 1647 743 1708 earmina
768 1646 904 1722 dietam,
930 1643 970 1708 cf.
995 1643 1069 1709 Am.
1094 1645 1141 1710 ΙΙ.
1168 1648 1196 1710 l.
1223 1646 1282 1710 38:

440 1761 592 1831 Carmina
615 1787 791 1850 purpureus
814 1787 895 1849 quae
918 1765 997 1828 mihi
1019 1765 1119 1830 dietat
1141 1765 1252 1830 Amor.

259 1908 297 1952 ex
320 1886 414 1951 Pont.
440 1887 502 1951 ΙΙΙ.
529 1889 559 1952 3.
585 1887 646 1954 29:

372 2007 420 2071 Tu
446 2007 572 2093 [Amor]
596 2008 675 2072 mihi
698 2008 827 2073 dictasti
848 2008 1009 2074 iuuenalia
1032 2009 1172 2074 earmina
1195 2010 1327 2094 primus.

308 2251 363 2318 Vs.
379 2254 432 2318 28.
452 2254 515 2319 nu
529 2273 669 2318 cnurrva
682 2274 761 2318 roro
776 2274 886 2318 nonan
900 2275 934 2316 nr
947 2274 1031 2318 oaau
1045 2274 1146 2319 navu.
1161 2253 1202 2320 ef.
1214 2252 1297 2322 A.A.
1311 2254 1355 2319 II.
1371 2255 1451 2321 740:

513 2373 668 2440 Cantetur
691 2377 760 2440 toto
784 2396 901 2441 nomen
923 2375 958 2438 in
982 2375 1058 2439 orbe
1080 2397 1196 2440 meum.

306 2496 396 2561 Rem.
424 2497 505 2562 363:
533 2535 574 2545 -
599 2497 674 2561 dum
698 2499 767 2562 totu
792 2499 901 2560 canter
924 2496 959 2560 in
983 2495 1068 2561 orbe.

307 2619 403 2684 Triat.
426 2619 469 2683 11.
500 2620 580 2695 118;
604 2618 678 2683 Am.
704 2618 731 2682 Ι.
757 2620 787 2683 3.
813 2618 874 2704 253
902 2617 952 2682 15.
976 2619 1014 2702 83
1044 2620 1092 2683 13.

308 2739 453 2804 Poetriae
480 2742 520 2803 de
542 2761 576 2804 se
597 2739 667 2823 ipse
689 2739 882 2824 praedicatio
907 2743 992 2823 apud
1014 2761 1086 2803 eum
1111 2762 1205 2824 quem
1228 2745 1332 2818 amat,
1356 2741 1452 2826 plane

263 2864 312 2926 est
349 2883 367 2926 e
404 2882 492 2925 more
533 2859 654 2943 Ouidii,
691 2861 746 2945 qui
785 2882 880 2944 quam
919 2882 1011 2945 saepe
1046 2861 1088 2926 sit
1121 2862 1168 2925 ita
1203 2862 1326 2927 loeutus
1361 2864 1454 2926 docet

263 2983 305 3048 A.
328 2982 368 3047 R.
390 2983 554 3067 Zingerle,
584 2981 671 3047 Ouid.
697 2986 762 3047 und
784 2985 846 3047 sein
876 2983 1049 3048 Verhaeltn.
1063 2987 1122 3048 cet.
1136 2983 1161 3046 l.
1174 2983 1216 3048 85
1230 3006 1294 3068 sq.;
1309 2984 1454 3048 Martiala

268 3101 509 3177 Odia-Studien,
534 3125 607 3189 pag.
635 3105 687 3169 28.

311 3226 366 3293 Vs.
392 3213 445 3292 29.
470 3245 611 3291 consuas
633 3246 835 3298 repausare
849 3247 1026 3298 pransura.
1049 3225 1101 3292 Sia
1113 3249 1152 3292 ex
1164 3227 1258 3292 Pont.
1272 3226 1332 3291 ΙΙΙ.
1347 3228 1377 3290 2.
1392 3227 1453 3291 823

270 3346 430 3414 Consentes
454 3349 556 3424 arbim
579 3347 675 3413 Trist.
701 3347 741 3412 V.
768 3349 797 3414 3.
823 3349 884 3413 47:
910 3362 1060 3414 consortes
1085 3351 1182 3413 studii
1187 3361 1306 3436 poetae.
1320 3347 1360 3414 ef.
1375 3347 1453 3414 Her.

265 3469 326 3534 ΙΙΙ.
351 3471 413 3535 47:
439 3508 479 3518 -
504 3482 653 3534 consortes
674 3472 798 3556 pariter
819 3472 994 3556 generisque
1010 3473 1153 3556 necisque.

310 3716 374 3781 Pro
398 3735 516 3800 senar,
542 3739 589 3780 us.
617 3716 669 3794 30,
694 3714 898 3779 Burmannus
921 3713 987 3779 See.
1012 3718 1053 3779 ad
1076 3714 1221 3800 Propert.
1245 3715 1305 3779 III.
1333 3715 1384 3779 15.
1410 3715 1453 3779 40

265 3837 433 3924 proposuit
455 3859 572 3916 resur,
597 3839 682 3922 quod
706 3839 769 3902 iam
793 3838 974 3923 Lennepius
998 3838 1178 3921 redarguit,
1204 3859 1276 3901 eum
1301 3837 1361 3901 hoe
1384 3836 1454 3902 1000

265 3961 437 4026 rectissime
462 3981 650 4046 comparans
673 3960 752 4024 Hor.
776 3958 811 4026 Ο.
836 3960 879 4024 ΙΙ.
908 3961 958 4024 13.
988 3961 1031 4025 24
1054 3979 1140 4045 sqq.:

627 4082 747 4147 Aeoliis
771 4081 887 4146 fidibus
910 4085 1096 4165 querentem

582 4204 711 4289 Sappho
735 4203 849 4289 puellis
871 4203 910 4266 de
932 4203 1157 4287 popularibus,

581 4325 869 4390 dissonantem
893 4323 1017 4408 plenius
1041 4345 1154 4406 auree,

626 4445 760 4524 Aleuae,
782 4445 903 4530 plectro
932 4483 965 4494 -

264 4571 450 4658 Comparari
480 4563 575 4636 etiarn
604 4571 712 4654 potest
742 4567 831 4632 Rem.
865 4568 947 4633 375:
976 4567 1105 4633 Grande
1128 4573 1246 4632 sonant
1268 4569 1383 4656 tragici
1409 4605 1451 4618 -
