3324 5284
862 391 905 458 14

286 572 455 641 continens
484 567 582 660 Verg.
613 573 714 654 Aen,
739 575 774 643 C.
801 576 942 640 Arretini
966 596 1093 640 carmen
1117 578 1157 638 ad
1180 573 1343 642 Kiriacum
1367 576 1476 641 Anco·

285 698 431 762 nitanum
467 702 499 762 et
533 696 602 782 (fol.
639 697 846 782 som-205)
883 697 1001 781 Sapph.
1038 719 1086 781 ep.
1121 697 1322 782 inscriptam:
1356 698 1477 785 Sophos

281 842 392 907 poema
421 821 627 884 clarissimam
657 822 700 882 od
729 820 904 883 Pbooatcm
930 818 1066 882 Siculum
1090 822 1245 883 amasium
1268 844 1358 884 saum
1379 820 1476 905 foeli-

284 944 359 1008 citer
381 943 497 1027 incipit.
525 937 655 1004 Contuli
677 940 752 1023 ipse.

332 1064 391 1147 πῃ)
414 1061 483 1125 cod.
515 1060 716 1126 Monacensis
741 1063 799 1139 78,
824 1061 980 1138 chartae,
1004 1082 1084 1124 saec.
1111 1061 1192 1139 XV,
1217 1066 1300 1126 cont.
1326 1064 1478 1148 opuscula

285 1184 443 1248 uariorum
467 1183 614 1266 inprimis
637 1183 792 1247 Italorum
816 1183 941 1267 poetica
965 1186 997 1246 et
1021 1183 1159 1246 oratoria
1185 1185 1292 1262 uaria,
1317 1183 1477 1250 Ciceronis

284 1327 343 1391 pro
377 1305 496 1370 Archia
526 1309 606 1370 orat.
638 1300 670 1369 et
701 1304 769 1390 (fol.
805 1295 1010 1389 rcrb--·164)
1040 1303 1158 1389 Sapph.
1191 1326 1240 1388 ep.
1271 1305 1476 1389 inscriptam:

284 1425 406 1513 Sophos
437 1429 519 1491 uatis
548 1428 683 1510 eprcpioe
710 1427 886 1514 pelaspidoc
916 1427 1068 1491 mitilenus
1101 1427 1230 1511 epistola
1262 1429 1305 1490 cd
1322 1411 1477 1513 phaonem

283 1549 459 1612 odilienacm
479 1561 651 1612 amatorem
671 1572 762 1612 suum
774 1549 834 1633 lepc
847 1550 987 1626 omnino,
1001 1547 1229 1630 subscriptam:
1244 1547 1342 1613 Finis.
1356 1547 1476 1634 Sophos

279 1672 416 1756 poeticen
440 1670 516 1735 calc.
542 1667 673 1734 Contuli
697 1669 772 1755 ipse.

330 1791 389 1875 πῃ)
415 1790 483 1854 cod.
514 1788 716 1854 Monacensis
747 1790 830 1867 466,
863 1790 1020 1868 chartae,
1053 1813 1132 1855 saec.
1166 1790 1248 1869 XV,
1279 1794 1365 1857 cont.
1390 1792 1477 1856 uaria

284 1911 494 1976 recentiorum
526 1932 620 1996 opp.‚
654 1910 762 1975 Ouidii
792 1912 830 1975 de
862 1913 943 1977 med.
975 1913 1052 1997 fac,
1087 1913 1253 1979 Ps.-Ouid.
1284 1915 1323 1978 de
1347 1915 1475 1992 cuculo,

284 2055 414 2111 nucem,
445 2030 606 2098 Ciceronis
635 2034 668 2096 et
698 2031 830 2096 Luciani
853 2035 1008 2116 quaedam
1032 2038 1064 2098 et
1088 2034 1157 2119 (fol.
1183 2035 1331 2116 91—93)
1356 2034 1475 2119 Sapph.

284 2178 333 2240 ep.
364 2154 550 2238 inscriptam
583 2158 619 2218 ut
648 2153 683 2217 in
715 2178 779 2238 m„
811 2154 910 2220 addit'
936 2180 943 2218 ι
984 2153 1115 2221 Carmen
1147 2156 1345 2245 Sapphicam.
1372 2156 1477 2244 Sopho

286 2279 413 2343 Lesbios
440 2281 577 2365 poeticae
602 2277 723 2364 pdooni
751 2278 843 2342 adalo
868 2281 1005 2343 amatori
1027 2303 1100 2356 suo,
1125 2280 1243 2345 subscr.
1269 2279 1375 2367 Sopho
1399 2279 1476 2344 Les·

286 2400 361 2464 bias.
385 2399 474 2464 Finis
497 2396 620 2485 Sophos
639 2401 776 2485 poetisso
809 2397 891 2462 Vale.
918 2397 1050 2464 Contuli
1072 2399 1149 2485 ipse.
1168 2402 1191 2485 ¹)

332 2642 510 2709 Collatione
540 2649 701 2728 praeterea
733 2667 808 2709 usus
839 2667 923 2709 sum:
958 2641 1096 2710 Ciofanii
1119 2645 1234 2710 codicis
1258 2645 1365 2710 Maffei
1391 2646 1476 2732 (M),

288 2767 431 2830 exstante
452 2765 486 2829 in
511 2763 633 2830 Ciofan.
660 2764 825 2830 Obseruat.
849 2765 884 2828 in
904 2764 997 2830 Ouid.
1019 2786 1092 2850 opp.
1106 2764 1342 2850 (Antwerpiae‚
1366 2767 1476 2851 1583);

287 2889 314 2952 I.
346 2885 420 2952 Chr.
452 2886 553 2953 Jahni
583 2887 727 2951 codicum
758 2886 942 2952 Seidleriani
972 2887 1037 2972 (s),
1061 2887 1186 2972 dequo
1211 2887 1251 2952 of.
1276 2887 1477 2972 Sedlmayer,

288 3008 385 3074 Proll.
410 3031 441 3092 p.
468 3008 526 3084 24;
552 3007 791 3072 Zwiccauiensis
814 3007 869 3094 (z),
894 3008 1018 3074 Merani
1039 3008 1158 3096 (Mer.);
1179 3007 1477 3073 HeinsiiBurman·

246 3189 248 3195 .
289 3130 386 3214 nique
412 3129 555 3194 codicum
581 3128 732 3193 Wittiani
757 3128 823 3192 siue
846 3126 992 3193 Douzani
1016 3132 1090 3215 (m),
1115 3129 1328 3195 Mediceorum
1352 3131 1477 3217 (Mea),

287 3251 499 3316 Arondeliani
511 3253 536 3337 ²)
561 3249 641 3335 (A),
665 3250 896 3315 lincolniensis
922 3251 998 3337 (L),
1019 3251 1193 3336 Regiorum
1215 3250 1328 3339 (Rip),
1350 3251 1477 3317 Bodlei-

289 3373 343 3436 ani
375 3373 457 3457 (R),
481 3372 621 3437 Palatini
646 3371 726 3458 (R),
751 3370 936 3436 Farnesiani
960 3373 1098 3458 (Fora),
1122 3370 1313 3453 Oxoniensis
1337 3372 1479 3461 (Omont,

289 3494 328 3557 de
359 3494 474 3577 quibus
505 3494 573 3578 egit
600 3492 632 3558 J.
666 3491 740 3560 Chr.
772 3492 859 3559 Jahn
882 3493 917 3557 in
942 3493 1017 3558 edit.
1042 3493 1135 3560 Ouid.
1160 3472 1195 3558 Il
1217 3496 1316 3579 praef.
1340 3495 1373 3559 in
1399 3495 1477 3562 Met.

289 3637 320 3700 p.
356 3614 437 3680 XIV
469 3637 537 3699 sqq.
570 3612 650 3679 Cum
681 3617 787 3679 tamen
813 3615 852 3678 de
875 3609 1007 3678 externa
1030 3636 1139 3679 eorum
1162 3615 1286 3681 ratione
1308 3617 1479 3680 admodum

289 3758 391 3821 pauca
422 3735 487 3799 sint
516 3735 651 3818 tradita,
685 3757 743 3800 neo
776 3735 884 3800 collati
908 3735 974 3799 sint
996 3736 1020 3798 ii
1043 3736 1192 3800 omnibus
1216 3736 1293 3801 loeis
1316 3740 1479 3816 accurate,

289 3858 358 3922 fieri
390 3861 494 3941 potest
523 3863 560 3921 ut
594 3879 675 3921 unus
699 3857 750 3921 uel
773 3856 854 3921 alter
877 3877 985 3921 eorum
1009 3857 1072 3921 iam
1096 3879 1191 3942 supra
1215 3858 1257 3922 sit
1281 3859 1479 3923 nominatus:

290 3978 390 4044 ueluti
420 3978 497 4063 Περ.
529 3979 562 4041 et
584 3975 673 4044 Sara
699 3978 904 4042 consentiunt
926 3977 1050 4061 saepius
1074 3949 1145 4042 cum
1170 3978 1322 4044 Parisinis
1345 4002 1364 4044 a
1388 3979 1481 4044 nobis

290 4100 414 4184 citatis3
439 4101 617 4164 esttamen
639 4098 694 4163 ubi
718 4099 900 4182 discrepent
922 4098 1071 4182 grauiter.
1108 4098 1195 4164 Certi
1214 4121 1289 4165 uero
1309 4101 1480 4185 quicquam

324 4299 351 4364 1)
369 4298 442 4348 Codd.
466 4299 561 4348 Monac.
585 4297 650 4347 laco
668 4295 769 4361 [14486.
789 4295 840 4345 Em.
858 4295 889 4345 t.
908 4295 966 4360 109]
983 4311 1043 4346 saec.
1061 4295 1123 4356 XV,
1141 4302 1165 4347 et
1184 4299 1244 4358 504,
1263 4315 1321 4349 saec.
1340 4297 1403 4359 XV,
1422 4315 1482 4364 quo·

289 4395 344 4429 rurn
366 4381 405 4429 hic
423 4381 487 4430 inter
506 4379 572 4428 naria
588 4379 747 4428 recentiorum
765 4394 850 4443 opera,
868 4378 910 4426 ille
928 4378 992 4427 inter
1009 4377 1098 4427 Tibulli
1115 4381 1221 4429 carmina
1238 4388 1261 4430 et
1280 4382 1362 4430 Ouidii
1380 4383 1481 4430 Amores

289 4462 395 4512 continet
412 4463 499 4528 Sapph.
515 4479 565 4528 ep,
581 4462 698 4527 inspicere
714 4460 774 4509 mihi
789 4476 838 4509 non
851 4461 960 4525 contigit.
976 4460 1007 4509 Et
1020 4460 1080 4510 alios
1089 4462 1331 4512 nonnullosconferre
1340 4479 1387 4512 non
1396 4463 1481 4528 potui:

289 4544 364 4594 Paris.
383 4546 448 4598 8244
466 4549 490 4594 et
508 4545 574 4594 8206
587 4560 646 4593 seen
666 4543 729 4600 XV,
747 4544 796 4591 cod.
816 4543 960 4592 Montanum
969 4542 1012 4608 (P),
1030 4544 1169 4593 Chisiannm
1187 4546 1219 4593 H.
1239 4546 1281 4595 IV.
1302 4547 1356 4595 121.

323 4628 349 4690 2)
368 4628 441 4678 Hunc
458 4627 547 4677 librum
564 4626 634 4677 hodie
650 4641 698 4675 non
714 4628 806 4674 aretine
822 4625 847 4675 in
864 4624 1005 4675 bibliotheca
1022 4626 1182 4676 brandeliana
1198 4627 1278 4678 docuit
1294 4644 1332 4677 me
1347 4629 1360 4677 Ι
1380 4629 1482 4685 Kemke.
