3274 5292
660 491 789 554 '¹79

222 669 275 736 Vs.
302 671 377 737 102.
404 691 468 735 nou
502 693 596 736 rruvr
621 691 704 744 ovoo
733 691 893 735 oomrvrrs
918 692 983 735 rvr.
1008 669 1079 735 Hoo
1100 673 1216 755 argute
1240 693 1306 735 esse
1326 671 1370 735 di·

178 795 264 857 cium
295 793 443 878 exposuit
474 793 610 877 Bentley
641 794 681 858 ad
710 792 830 858 Lucan.
852 791 892 857 ΙΙ.
918 793 970 857 27.
1004 791 1086 867 Quid
1118 796 1224 856 aulem
1246 793 1288 857 sii
1311 791 1372 857 hoo

177 915 247 980 loeo
279 927 386 1001 arqure
414 917 546 993 dietum,
572 915 623 978 uel
646 915 723 1000 quid
747 935 915 980 commune
938 913 1055 979 habeat
1080 914 1132 978 hic
1155 937 1201 978 us.
1228 937 1299 979 oum
1323 935 1372 978 oe·

177 1037 252 1101 teris
284 1059 302 1101 a
330 1036 475 1101 Bentleio
498 1037 521 1100 l.
547 1057 573 1101 o.
599 1035 755 1120 laudatis,
779 1057 844 1100 non
870 1037 972 1101 uideo.
997 1035 1069 1101 Hoc
1091 1040 1221 1101 tantum
1243 1039 1371 1100 uidetur

178 1158 280 1223 disere
303 1156 431 1242 Sappho
456 1157 597 1222 dolorem
618 1158 679 1222 sibi
699 1159 847 1224 aooidisse
865 1159 1068 1242 inopinatum
1089 1158 1222 1242 ideoque
1243 1157 1372 1242 grauio-

177 1301 244 1344 rem
252 1299 261 1358 ;
287 1278 327 1345 of.
352 1277 416 1344 Cio.
442 1278 535 1344 Tuso.
561 1278 620 1346 111.
646 1280 698 1345 23.

223 1520 274 1588 Vs.
310 1523 487 1587 103-104
513 1523 558 1588 sio
582 1528 618 1588 ut
634 1498 833 1608 scripsimus,
858 1525 978 1609 optime
997 1524 1138 1589 resiiiuii
1149 1523 1369 1590 Burmannus.

176 1641 293 1708 codd:
318 1667 369 1709 uec
394 1620 422 1709 ta
445 1645 622 1711 Admoneat
634 1647 824 1732 (Admonuit
847 1648 920 1732 oet.)
948 1650 1031 1733 quod
1053 1658 1087 1711 ru
1118 1685 1172 1724 -—,
1197 1649 1285 1731 quod
1304 1645 1370 1711 fru-

179 1767 245 1830 sira
266 1768 434 1830 tentamur
457 1767 614 1852 explicare
638 1771 670 1831 ei
693 1767 860 1832 defendere
887 1767 1062 1852 Naugerius
1086 1767 1212 1852 aliique.
1250 1769 1371 1851 Piqnus

176 1907 267 1964 uero,
291 1889 329 1950 ui
357 1887 442 1952 idem
462 1888 589 1973 scripsit
606 1887 828 1967 Burmannus,
842 1889 876 1952 in
889 1889 1095 1954 deterioribus
1108 1892 1237 1953 lantum
1249 1889 1372 1973 aliquoi

175 2009 265 2072 codd.
298 2009 434 2093 legibur3
464 2011 561 2075 celeri
591 2031 702 2075 omnes
732 2010 855 2074 habent
886 2035 1017 2088 munus,
1046 2013 1132 2095 quod
1154 2010 1226 2074 ideo
1251 2011 1371 2095 recepit

176 2128 283 2208 Riese,
316 2134 349 2194 et
380 2131 459 2195 mihi
489 2153 616 2216 quoque
647 2133 773 2196 uidetur
805 2114 1069 2217 praeferendum,
1104 2153 1315 2216 quamquam,
1344 2131 1370 2195 si

176 2253 215 2316 ad
247 2275 375 2318 sensum
407 2258 603 2340 spectamus,
633 2258 749 2341 piqnus
780 2253 899 2337 opiime
931 2240 998 2317 soso
1030 2256 1136 2336 potest
1166 2244 1303 2330 habere,
1334 2256 1371 2317 ui

176 2375 293 2439 dooeni
317 2377 461 2460 exempla
484 2375 642 2441 Ouidiana
667 2398 686 2440 a
708 2375 896 2440 Burmanno
922 2377 963 2439 ad
986 2375 1019 2439 h.
1045 2376 1067 2439 l.
1095 2375 1239 2440 collecta.

221 2496 269 2561 De
300 2500 391 2576 sexto
421 2497 596 2563 hexametri
621 2499 853 2583 padernum,
879 2497 1003 2561 duobus
1036 2496 1265 2582 monosyllabis
1292 2515 1370 2560 oon-

171 2605 302 2697 omnm,
327 2618 367 2684 ef.
391 2617 618 2704 Esohenburg‚
645 2620 740 2685 Matr.
773 2619 953 2684 Untersuud.
976 2621 1034 2683 oet.
1061 2640 1091 2703 p.
1107 2620 1145 2694 93
1173 2618 1225 2682 17.
1300 2630 1302 2634 ’

221 2737 302 2804 Cum
335 2762 381 2805 us.
417 2742 481 2805 106
508 2741 628 2826 optime
652 2745 855 2826 eomparatur
878 2741 971 2826 Verg.
998 2739 1080 2806 Aen.
1106 2739 1160 2805 IV.
1188 2740 1252 2804 327
1278 2761 1367 2824 sqq.:

358 2860 477 2927 Saltem
502 2863 593 2948 siqua
616 2863 695 2927 mihi
718 2864 757 2928 de
779 2867 812 2928 ie
835 2865 980 2947 suscepta
1003 2862 1116 2926 fuisset

357 2983 444 3048 Ante
466 2983 577 3069 fugam
602 2985 742 3069 suboles,
769 2985 867 3068 siquis
891 2984 969 3048 mihi
992 2959 1143 3069 paruolus
1167 2981 1240 3047 aula

359 3105 498 3171 Luderet
520 3105 663 3185 Aeneas,
688 3107 744 3192 qui
767 3110 799 3172 te
822 3112 930 3172 lamen
953 3128 1007 3172 ore
1031 3106 1177 3187 referret,
1211 3183 1215 3188 ,

356 3226 433 3292 Non
460 3227 606 3313 equidem
629 3229 763 3293 omnino
788 3232 881 3313 capta
905 3250 941 3293 ao
965 3229 1088 3293 deserta
1112 3227 1244 3292 uiderer.

222 3474 274 3541 Vs.
302 3474 376 3542 107.
413 3474 483 3540 Pun
507 3494 594 3553 rior,
624 3429 1184 3554 oviuvuoiiuuonosorscso1r‚
1211 3473 1367 3541 Auossu.

168 3595 305 3682 'Optime
331 3597 362 3683 f.
396 3598 424 3660 d.
461 3599 520 3661 oei.
553 3597 708 3661 exhibent
743 3600 869 3662 discedit
903 3618 962 3682 pro
992 3598 1081 3681 uulg.
1113 3598 1257 3662 discedat.
1291 3595 1368 3696 Non

176 3718 262 3783 enim
293 3722 341 3782 est
371 3719 531 3803 oplaniis,
562 3722 598 3782 ui
630 3718 759 3784 uolebat
786 3718 939 3800 Heinsius
965 3757 1004 3766 -
1031 3718 1192 3818 usquein
1216 3718 1368 3803 exemplis

176 3840 217 3904 ab
240 3838 374 3904 Heinsio
398 3840 504 3905 crass
527 3839 623 3905 ussi.
650 3839 691 3905 11.
720 3840 799 3919 155,
825 3840 898 3907 nm.
921 3840 977 3907 111.
1006 3817 1055 3907 11.
1078 3842 1121 3906 46
1142 3841 1368 3906 comnenus

176 3961 302 4026 uidetur
332 3983 398 4026 esse
428 3962 627 4045 scribendus,
644 3964 706 4027 sod
726 3963 920 4028 indioaiiuus
946 3999 1005 4041 ·,··‚
1032 3963 1086 4027 sed
1101 3965 1219 4048 'aperie'
1243 3963 1367 4047 signifi-

176 4087 243 4148 ooi:
275 4107 386 4150 »amor
416 4107 504 4149 meus
535 4105 611 4168 erga
641 4088 690 4163 ie,
723 4085 779 4169 qui
812 4097 986 4169 numquam
1011 4086 1114 4164 abest,
1143 4086 1232 4150 ouius
1254 4085 1368 4147 imme·

176 4226 247 4269 mor
275 4228 448 4290 numquam
480 4206 582 4270 sum’‘.
615 4205 653 4271 of.
687 4206 765 4271 Her.
797 4206 872 4272 ΧΠ.
907 4208 989 4271 136:
1014 4208 1060 4271 Et
1083 4209 1138 4292 qui
1160 4206 1368 4290 misequitur

175 4350 295 4415 semper
325 4351 429 4393 amore
454 4331 502 4392 tui
533 4328 673 4413 (comitet
694 4329 717 4413 ).
761 4327 829 4392 ‘De'
865 4331 1033 4406 discedere,
1071 4326 1168 4391 uerbo
1203 4325 1239 4389 in
1273 4323 1367 4388 rebus

175 4450 339 4514 amatorii
363 4449 501 4534 proprio,
527 4448 591 4514 uu.
616 4447 690 4513 nm.
714 4448 756 4514 11.
783 4449 833 4516 is.
860 4448 898 4528 5,
922 4448 1012 4513 uem.
1041 4449 1124 4523 243;
1141 4431 1235 4530 669,
1259 4448 1321 4512 oet.

222 4678 273 4745 Vs.
299 4679 373 4745 108.
400 4699 520 4744 sorsu-
535 4698 618 4742 oms
632 4715 673 4728 -
688 4674 813 4743 ninum
837 4697 972 4760 uosrsn,
986 4675 1027 4744 cf.
1041 4673 1207 4742 A.A.111.
1223 4676 1287 4740 347
1300 4695 1366 4758 sq.:
