3324 5284
790 469 809 530 9
919 459 921 463 .

201 652 293 736 gensi
323 651 400 717 bibl.
433 651 522 715 nullo
550 651 724 734 insignitus
748 671 898 734 numero,
925 649 1084 727 chartae,
1110 671 1190 716 saco.
1217 649 1297 736 XV,
1322 651 1396 716 dili-

148 776 152 782 '
202 778 314 858 genter
345 769 420 838 meo¹
445 774 560 856 rogatu
588 771 722 836 collatus
745 794 764 836 a
787 771 818 838 J.
843 769 989 837 Geffokio
1013 772 1133 850 amico,
1158 773 1303 837 continet
1325 772 1396 838 Sal-

202 897 276 961 lust.
301 895 412 974 Catil,
438 917 565 960 carmen
590 900 629 961 de
654 895 799 974 hortulo,
825 898 864 960 de
885 894 1012 960 Baccho
1036 899 1068 959 et
1094 895 1238 973 Venere,
1263 895 1343 974 alia,
1365 899 1398 961 et

203 1018 271 1104 (for.
300 1017 628 1104 197-207)Sapph.
653 1040 702 1102 ep.
732 1017 800 1082 ena
823 1017 889 1082 une
912 1017 1121 1102 inscriptione
1136 1017 1171 1103 1).
1228 991 1231 996 ’

244 1140 284 1227 p)
309 1144 376 1205 cod.
398 1140 560 1204 Parisinus
581 1140 669 1205 7989
690 1139 929 1226 (Tragurianus,
952 1139 991 1206 cf.
1012 1138 1186 1204 Buecheler
1206 1141 1245 1203 ad
1267 1140 1399 1205 Petron.

202 1285 234 1347 p.
259 1259 374 1348 xvi),
394 1261 533 1328 chartac.
554 1283 633 1326 saec.
655 1260 735 1338 XV,
757 1261 902 1335 eontinet
922 1260 1057 1338 Tibulli,
1080 1260 1252 1346 Propertii,
1276 1258 1399 1325 Catulli

202 1383 360 1460 earmina,
396 1382 514 1467 Sapph.
548 1404 597 1466 ep.
629 1381 699 1468 (fol.
733 1381 924 1467 rso-184)
956 1386 990 1445 et
1011 1381 1229 1466 fragmentum
1254 1381 1399 1446 Petronii

203 1503 448 1588 Tragurianum.
484 1502 631 1587 Sapphus
662 1502 815 1586 epistulae
845 1502 1004 1587 praefixus
1035 1506 1084 1568 est
1107 1503 1221 1568 titulus
1243 1501 1312 1567 hio:
1338 1502 1398 1567 Sa·

199 1626 280 1713 ploos
315 1625 427 1690 Lesbio
461 1637 546 1689 uetes
579 1627 622 1688 ad
652 1623 824 1688 Phaonem.
856 1646 893 1688 oc
922 1627 1038 1709 praecis
1070 1627 1103 1688 io
1134 1627 1249 1689 latinas
1280 1625 1399 1689 litterae

204 1769 294 1812 aaran
310 1749 371 1834 per
391 1747 551 1812 Nasonem
570 1745 799 1812 Sulmoneosem
816 1758 851 1809 ut
865 1746 977 1831 ferunt
995 1746 1136 1810 nonnulli
1154 1747 1282 1834 epistola
1294 1769 1398 1812 aureo.

204 1865 401 1952 Subscriptio
425 1866 543 1951 legitur
565 1866 661 1930 haee:
686 1864 808 1952 Sophos
836 1864 924 1930 Vatia
944 1867 1097 1932 Mitilenee
1116 1869 1245 1954 epistola
1264 1869 1399 1955 explicit.

145 2063 146 2066 Ἴ
205 1984 416 2052 Collationem
448 1986 542 2051 huius
575 1987 649 2051 libri
671 1989 704 2050 et
727 1985 865 2050 Parisini
890 1986 975 2051 7997
1001 1987 1101 2051 debeo
1125 1987 1284 2052 amicitiae
1315 1989 1340 2052 I.
1366 1987 1398 2053 S.

204 2107 345 2174 Hawesii
367 2109 446 2195 phil.
472 2112 567 2186 doct,
592 2109 722 2174 Parisiis
746 2129 848 2193 nuper
873 2109 1028 2192 degentis.

247 2233 302 2320 p,)
334 2233 402 2296 cod.
434 2231 597 2296 Parisinus
631 2231 735 2308 7997,
767 2230 954 2308 membran,
986 2252 1066 2295 saec.
1092 2230 1157 2296 XV
1181 2231 1325 2296 exeuntis
1349 2232 1401 2296 uel

206 2352 289 2418 XVI
311 2352 526 2437 (Sedlmayer,
550 2352 648 2417 Proll.
674 2375 706 2436 p.
732 2353 778 2437 4),
798 2352 966 2417 continens
987 2351 1095 2416 Ouidii
1114 2351 1400 2430 Heroides‚Amo·

207 2495 276 2550 res,
300 2472 390 2549 Ibin,
416 2474 528 2537 Artem
552 2473 700 2551 amandi,
725 2472 885 2538 Remedia.
910 2473 1000 2537 Inter
1023 2472 1098 2537 Ibin
1118 2477 1151 2537 et
1169 2472 1209 2537 A.
1223 2471 1263 2537 A.
1284 2472 1402 2557 legitur

207 2593 327 2678 Sapph.
366 2615 425 2678 eps,
461 2594 630 2678 inscripta:
667 2595 795 2684 Sappho
829 2595 975 2673 Phaoni,
1010 2594 1207 2682 subscripta:
1244 2603 1400 2659 Teneo.

208 2715 306 2782 Hune
335 2717 452 2781 librum
484 2717 701 2782 Mazarineum
733 2715 768 2782 (l.
794 2717 922 2802 Dilthey
948 2718 1001 2803 (de
1023 2716 1210 2783 Callimachi
1234 2715 1402 2801 Cydippe,

207 2862 239 2924 p.
278 2838 356 2925 135)
392 2842 527 2903 eundem
563 2861 629 2905 esse
661 2841 757 2924 putat
788 2861 824 2903 ac
856 2838 1082 2904 Sarrauianum
1115 2839 1234 2925 (Sors.)
1265 2837 1401 2903 Heinsii.

207 2959 359 3024 Heinsius
379 2961 540 3026 tamenin
564 2960 759 3044 praefatione
783 2963 824 3025 ad
848 2959 966 3044 Sapph.
993 2983 1042 3045 ep.
1067 2961 1152 3024 inter
1175 2959 1402 3026 Sarrauianum
1468 2969 1471 2974 '

208 3085 242 3146 et
271 3081 488 3146 Mazarineum
519 3082 634 3147 diserte
661 3083 847 3167 distinguit,
873 3083 1060 3166 saepiusque
1085 3083 1238 3147 lectiones
1261 3104 1341 3167 quas
1364 3104 1403 3146 ex

208 3203 247 3268 iis
282 3203 410 3281 attulit,
447 3205 628 3287 discrepant
662 3227 681 3268 a
711 3231 762 3292 p,.
797 3203 865 3269 Aut
899 3204 999 3288 igitur
1022 3226 1161 3268 summae
1184 3205 1219 3267 in
1244 3177 1403 3268 adnotan-

210 3326 259 3390 dis
293 3325 389 3389 uariis
425 3324 614 3389 lectionibus
649 3326 872 3410 neglegentiae
906 3324 990 3389 foret
1020 3328 1202 3409 arguendus
1233 3324 1402 3400 Heinsius,

211 3451 283 3523 aut,
319 3446 404 3530 quod
436 3466 495 3529 ego
526 3447 748 3529 praetulerim,
782 3447 922 3511 diuersos
954 3447 1065 3531 utiquc
1096 3469 1162 3511 esse
1186 3447 1257 3511 illos
1282 3447 1404 3511 codices

212 3569 391 3631 statuamus
425 3588 550 3630 necesse
585 3570 643 3630 est.
690 3566 836 3632 Fortasse
867 3569 1065 3633 Mazarineus
1096 3568 1221 3632 Heinsii
1252 3571 1301 3632 est
1334 3567 1403 3632 cod.

212 3687 312 3753 Paris.
341 3687 430 3751 8244
457 3708 537 3751 saec.
563 3687 638 3765 XV,
663 3709 756 3771 quem
780 3689 935 3772 inspicere
961 3689 1039 3753 mihi
1063 3710 1130 3752 non
1156 3689 1301 3771 contigit.

259 3817 294 3887 γ)
318 3809 387 3874 eod.
423 3807 631 3895 Gothanus2)
655 3807 713 3874 Oh.
737 3810 777 3873 A.
803 3833 835 3876 n.
863 3810 946 3885 717,
971 3809 1121 3892 chartac,
1146 3831 1198 3873 an.
1224 3807 1329 3885 1476,
1352 3807 1404 3870 in-

192 3931 263 3993 ter
292 3928 420 3994 Horatii
444 3928 484 3996 A.
509 3930 543 3994 P.
570 3933 603 3995 et
624 3931 837 3995 recentiorum
860 3934 1025 4016 poetarum
1050 3931 1192 3994 carmina
1216 3929 1304 3993 uaria
1328 3950 1404 3992 con-

214 4051 297 4115 tinet
320 4051 376 4115 fol.
403 4052 443 4117 18
457 4073 524 4136 sqq.
562 4052 681 4138 Sapph.
706 4075 755 4136 ep.
779 4051 981 4136 inscriptam:
1005 4050 1110 4140 Sepho
1130 4050 1242 4115 Lesbia
1261 4049 1406 4113 Mitileaa

214 4175 257 4236 ad
287 4173 449 4237 Phaonem
480 4175 622 4239 dilectum
653 4198 761 4251 caum,
794 4173 1021 4257 subscriptam:
1047 4173 1136 4237 Finit
1149 4172 1312 4256 foeliciter.
1336 4167 1406 4233 Fol.

215 4323 405 4332 ——-—...——-

249 4434 274 4494 1)
293 4432 369 4481 Primi
394 4435 475 4481 minen
499 4431 614 4497 epistulae
637 4447 718 4480 uersus
741 4434 809 4480 erant
832 4430 915 4496 scripti
937 4430 986 4479 iam
1003 4429 1044 4479 fol.
1066 4429 1128 4488 lae,
1146 4427 1226 4492 ibique
1243 4428 1272 4477 ad
1290 4427 1407 4478 Ouidium

213 4514 298 4572 relati,
317 4517 344 4562 ut
360 4529 403 4577 per
420 4513 514 4562 litteras
531 4529 568 4562 me
586 4513 667 4562 docuit
686 4514 707 4562 Ι.
727 4513 829 4562 Gcffeke.

246 4597 275 4661 2>
293 4596 328 4646 Gi
353 4594 438 4644 Jacobs
461 4593 509 4644 und
531 4595 622 4654 Ukert,
649 4595 774 4660 Beitraege
797 4610 839 4644 zur
862 4593 918 4642 aelt.
936 4593 1085 4652 Litteratur,
1104 4608 1146 4642 aus
1164 4592 1207 4641 der
1224 4591 1363 4641 Bibliothek
1380 4590 1406 4640 in

213 4678 300 4728 (iotha.
320 4677 340 4727 1.
358 4693 382 4744 p.
401 4677 462 4737 239;
481 4677 574 4742 249sq.
