3274 5292
842 402 905 469 128

175 669 178 676 Ι
277 591 391 676 quinto
422 590 560 667 decimo,
592 587 647 653 sed
677 592 753 653 ante
786 611 907 652 annum
931 589 997 654 eius
1017 588 1134 653 saeculi
1159 589 1469 674 quinquagesimum.

276 711 367 789 Quod
393 715 608 778 commentum
634 711 793 795 quomodo
817 711 867 776 uir
891 711 1090 776 doctissimus
1111 715 1142 776 et
1154 711 1352 776 acutissimus
1364 711 1471 776 animo

275 835 336 900 sibi
365 835 486 920 fingere
517 833 657 919 potuerit
688 855 754 898 non
779 833 942 918 intellego.
968 832 1100 897 Minime
1128 833 1214 897 enim
1239 833 1375 898 debebat
1398 856 1471 898 eum

274 956 385 1040 fugere
404 954 573 1039 epistulam
591 959 733 1019 nostram
746 954 810 1019 iam
823 953 887 1040 legi
899 955 934 1019 in
945 954 1052 1019 codice
1066 952 1339 1032 Franoofurtano‚
1353 954 1471 1040 scripto

277 1099 356 1143 saec.
382 1075 480 1154 XIII;
504 1075 538 1140 id
561 1078 647 1161 quod
670 1075 724 1141 diu
747 1079 823 1140 ante
846 1074 1124 1141 Schneidewinum
1145 1075 1185 1140 ab
1198 1074 1330 1141 Heinsio
1342 1074 1471 1141 Loersio

276 1198 391 1263 Iahnio
410 1197 481 1262 aliis
501 1199 570 1262 erat
588 1197 851 1262 demonstratum.
871 1196 905 1262 si
924 1197 995 1281 quis
1014 1218 1090 1262 uero
1110 1200 1212 1262 totam
1231 1197 1401 1282 epistulam
1414 1219 1466 1262 ae-

276 1319 415 1384 ouratius
426 1318 614 1404 perlegerit,
626 1318 748 1383 uidebit
758 1319 861 1384 inesse
872 1318 908 1382 in
921 1340 957 1382 ea
980 1340 1030 1383 res
1042 1318 1128 1383 haud
1140 1339 1257 1404 paucas
1269 1367 1277 1397 ‚
1296 1341 1374 1403 quas
1385 1319 1470 1384 illius

276 1441 389 1506 aetatis
420 1441 505 1505 docti
536 1440 615 1505 seire
639 1441 728 1506 nullo
752 1441 847 1506 modo
869 1441 1049 1526 potuerint,
1074 1463 1188 1526 nempe
1215 1442 1350 1506 traditas
1374 1441 1410 1506 in
1433 1442 1471 1507 iis

275 1566 403 1627 tantum
426 1561 534 1645 libris,
559 1562 616 1647 qui
639 1566 779 1627 extremo
804 1564 929 1627 demum
955 1563 1079 1628 saeculo
1098 1562 1160 1627 XV
1179 1562 1213 1627 in
1230 1563 1397 1627 hominum
1411 1585 1470 1627 no-

276 1683 381 1748 titiam
405 1683 618 1768 peruenerint.
643 1681 741 1748 Ouius
763 1683 808 1748 rei
831 1684 978 1768 exempla
1001 1684 1160 1749 nonnulla
1172 1685 1244 1750 uide
1259 1685 1344 1769 apud
1357 1685 1470 1771 Haup-

277 1805 378 1884 tium,
401 1804 492 1889 Epio.
516 1803 613 1870 Drusi
637 1827 709 1870 cum
733 1826 846 1871 comm.
872 1829 904 1890 p.
931 1808 984 1872 24.

321 1926 434 2011 Neque
463 1927 531 2012 ipse
562 1913 784 1992 Schneidewin
815 1927 850 1990 in
881 1927 1030 2012 opinione
1060 1949 1116 1993 sua
1146 1928 1341 2014 permansit3
1373 1951 1467 2014 quam

277 2050 385 2113 tamen
415 2051 584 2134 propterea
611 2052 739 2112 tantum
763 2047 880 2113 abiecit
902 2049 989 2133 quod
1011 2049 1046 2113 in
1069 2048 1236 2133 Excerptis
1259 2049 1325 2116 illis
1349 2050 1470 2115 Parisi-

280 2171 330 2236 nis
353 2193 432 2237 saec.
457 2169 539 2236 XIII
562 2192 671 2235 uersus
695 2170 818 2255 aliquot
837 2170 991 2256 epistulae
1011 2169 1159 2255 Sapphus
1171 2170 1236 2255 legi
1248 2171 1419 2237 resciuerat
1433 2170 1471 2258 ¹).

279 2264 400 2369 Quibus
421 2315 616 2378 quamquam
638 2292 813 2377 cogebatur
831 2294 1003 2357 concedere
1022 2292 1189 2377 epistulam
1208 2293 1272 2357 iam
1286 2296 1364 2357 ante
1376 2293 1472 2357 medii

280 2414 350 2480 aeui
372 2418 518 2499 tempora
540 2412 636 2478 fuisse
658 2414 838 2498 cognitam,
862 2412 1071 2478 nihilominus
1094 2413 1320 2497 perseuerabat
1344 2414 1379 2477 in
1400 2435 1472 2478 sen·

279 2536 381 2602 tentia
404 2559 479 2614 sua,
504 2536 652 2610 minime,
678 2538 714 2599 ut
736 2535 797 2620 ipsi
825 2534 1011 2612 uidebatur,
1035 2533 1225 2612 refellenda,
1250 2534 1394 2619 spurium
1407 2555 1472 2600 esse

281 2659 468 2744 opusculum
493 2657 661 2742 Ouidiique
684 2655 814 2720 nomine
836 2657 1017 2740 indignum.
1041 2657 1260 2741 Argumenta,
1285 2655 1401 2741 quibus
1420 2657 1473 2719 tu·

282 2783 367 2845 tatus
391 2784 439 2844 est
461 2779 550 2843 illam
573 2778 784 2855 sententiam,
804 2778 921 2863 partim
940 2778 1003 2843 iam
1022 2777 1100 2842 alibi
1119 2800 1138 2841 a
1157 2778 1250 2843 nobis
1270 2782 1346 2842 sunt
1364 2778 1473 2844 relata.

283 2900 391 2968 Sinin
415 2899 642 2965 commentario
664 2898 804 2965 uidimus
826 2899 862 2963 in
885 2921 931 2964 us.
955 2902 994 2965 4:

511 3019 583 3084 Hoc
606 3019 703 3084 breue
726 3020 861 3085 nescires
884 3022 968 3085 unde
992 3024 1139 3086 mouetur
1162 3043 1241 3106 opus

284 3165 387 3231 neque
415 3142 495 3207 illud
523 3166 600 3230 opus
631 3165 751 3208 mouere
782 3165 884 3228 neque
916 3144 1126 3208 indicatiuum
1157 3158 1299 3210 mouetur
1322 3165 1388 3208 esse
1411 3143 1473 3208 im-

284 3264 484 3353 probandum
503 3264 555 3329 uel
574 3264 615 3328 ab
632 3263 747 3329 Ouidio
768 3264 924 3343 alienum3
945 3288 1047 3350 neque
1066 3266 1141 3331 inde
1154 3268 1241 3349 quod
1253 3266 1387 3331 aliorum
1399 3287 1476 3350 poe-

284 3393 390 3453 tarum
414 3387 555 3452 carmina
578 3386 736 3452 lectitasse
759 3408 791 3452 se
815 3390 996 3452 ostenderet
1018 3387 1166 3473 Sapphus
1187 3388 1350 3473 epistulae⁴
1363 3392 1476 3473 pocta,

286 3509 367 3574 effici
389 3530 480 3594 posse
503 3508 635 3593 abipso
659 3508 773 3573 Ouidio
799 3530 868 3573 eam
891 3510 1044 3594 scriptam
1067 3531 1134 3574 non
1158 3532 1225 3575 esse
1239 3508 1277 3597 ²).

331 3631 460 3717 Neque,
484 3633 521 3695 ut
545 3653 640 3717 supra
664 3633 713 3696 est
735 3631 1006 3709 demonstratum,
1032 3632 1165 3697 euerbis
1178 3631 1272 3696 Marii
1286 3631 1475 3710 PlotiiSac.‚

287 3751 343 3818 ubi
365 3747 512 3818 hcchiuis
534 3773 652 3817 nomen
676 3774 714 3817 ex
737 3751 852 3816 Ouidio
882 3752 961 3816 citat
973 3753 1016 3838 ⁸),
1042 3753 1189 3818 concludi
1212 3753 1277 3817 ullo
1301 3751 1396 3818 modo
1418 3773 1477 3838 po-

285 3878 349 3940 test
378 3874 414 3938 in
449 3873 589 3960 genuina
620 3873 727 3939 Ouidii
761 3873 897 3958 epistula
925 3874 1080 3960 scriptum
1110 3873 1207 3940 fuisse
1238 3875 1304 3940 eius
1337 3874 1476 3940 nominis

286 4125 313 4177 in
330 4143 356 4176 re
372 4126 526 4177 uehementer
542 4124 633 4176 errauit
650 4124 719 4176 Iahn.
738 4124 802 4176 Nam
819 4124 930 4176 Vossium
946 4141 1000 4177 oum
1016 4125 1050 4176 ibi
1067 4125 1131 4176 dieat
1148 4125 1254 4191 Sapphus
1270 4125 1479 4192 epistulamsigni·

287 4211 358 4259 ficare
382 4210 445 4260 uelle
466 4209 592 4273 epistulam
613 4209 708 4258 missam
731 4226 747 4257 a
773 4209 872 4258 Phaone
897 4209 1062 4272 responsoriam
1087 4208 1129 4273 (cl.
1155 4210 1226 4258 Ouid.
1247 4210 1353 4259 Amll.
1372 4212 1413 4260 18.
1433 4209 1479 4277 34)

288 4292 440 4342 manifestum
462 4295 505 4341 est.
533 4291 600 4340 ldem
623 4290 687 4339 enim
705 4291 802 4340 Vossius
819 4291 900 4356 paullo
917 4306 1001 4356 snpra,
1020 4290 1055 4340 l.l.
1072 4308 1095 4356 p.
1112 4292 1159 4349 29,
1177 4277 1433 4358 epistulsm'Sspphm
1451 4294 1481 4342 sd

289 4374 410 4423 Phaonem
428 4373 492 4422 inter
509 4377 597 4422 ceteras
615 4372 711 4438 abipso
731 4373 819 4422 Ouidio
836 4373 937 4437 scriptas
955 4372 1042 4421 diserte
1059 4373 1173 4423 nominat.

322 4458 350 4522 1)
368 4455 404 4506 Of.
422 4454 584 4505 Schneidewin
601 4455 627 4503 in
644 4457 708 4505 Idus.
728 4455 803 4504 Rhen.
822 4455 853 4504 N.
876 4456 900 4505 S.
919 4454 969 4504 111.
986 4470 1010 4519 p.
1029 4455 1085 4504 144.

322 4539 348 4600 2)
367 4538 427 4587 Vide
442 4537 640 4588 commentarium
656 4538 686 4586 ad
703 4552 737 4586 ns.
757 4537 802 4598 683
822 4537 877 4586 180.

324 4621 352 4686 8)
370 4621 434 4670 Mus
453 4620 530 4669 Rhea.
549 4620 581 4669 N.
600 4619 719 4684 s.11.p.
739 4620 793 4669 144.
