<?xml version="1.0" encoding="UTF-8"?>
<!DOCTYPE html PUBLIC "-//W3C//DTD XHTML 1.0 Transitional//EN"
    "http://www.w3.org/TR/xhtml1/DTD/xhtml1-transitional.dtd">
<html xmlns="http://www.w3.org/1999/xhtml" xml:lang="en" lang="en">
 <head>
  <title>
</title>
<meta http-equiv="Content-Type" content="text/html;charset=utf-8" />
  <meta name='ocr-system' content='tesseract 3.04.00' />
  <meta name='ocr-capabilities' content='ocr_page ocr_carea ocr_par ocr_line ocrx_word'/>
</head>
<body>
  <div class='ocr_page' id='page_1' title='image "./epistulasapphus00ovidgoog_0014.png"; bbox 0 0 3324 5284; ppageno 0'>
   <div class='ocr_carea' id='block_1_1' title="bbox 643 1183 981 1266">
    <p class='ocr_par' dir='ltr' id='par_1_1' title="bbox 643 1183 981 1266">
     <span class='ocr_line' id='line_1_1' title="bbox 643 1183 981 1266; baseline 0.006 -2"><span class='ocrx_word' id='word_1_1' title='bbox 643 1183 981 1266; x_wconf 75' lang='lat' dir='ltr'><strong>PRAEFATIO.</strong></span> 
     </span>
    </p>
   </div>
   <div class='ocr_carea' id='block_1_2' title="bbox 215 1635 1431 3057">
    <p class='ocr_par' dir='ltr' id='par_1_2' title="bbox 215 1635 1431 3057">
     <span class='ocr_line' id='line_1_2' title="bbox 263 1635 1408 1723; baseline -0.003 -23"><span class='ocrx_word' id='word_1_2' title='bbox 263 1637 417 1701; x_wconf 82' lang='lat' dir='ltr'>Libellum</span> <span class='ocrx_word' id='word_1_3' title='bbox 445 1641 695 1723; x_wconf 72' lang='lat' dir='ltr'><strong>compositurus,</strong></span> <span class='ocrx_word' id='word_1_4' title='bbox 719 1662 782 1722; x_wconf 89' lang='lat' dir='ltr'>quo</span> <span class='ocrx_word' id='word_1_5' title='bbox 808 1639 911 1722; x_wconf 90' lang='lat' dir='ltr'>spatio</span> <span class='ocrx_word' id='word_1_6' title='bbox 936 1637 1113 1700; x_wconf 90' lang='lat' dir='ltr'>academico</span> <span class='ocrx_word' id='word_1_7' title='bbox 1134 1640 1264 1699; x_wconf 87' lang='lat' dir='ltr'>decurso</span> <span class='ocrx_word' id='word_1_8' title='bbox 1284 1635 1408 1698; x_wconf 86' lang='lat' dir='ltr'>littera-</span> 
     </span>
     <span class='ocr_line' id='line_1_3' title="bbox 217 1755 1411 1843; baseline -0.004 -21"><span class='ocrx_word' id='word_1_9' title='bbox 217 1782 288 1822; x_wconf 89' lang='lat' dir='ltr'>rum</span> <span class='ocrx_word' id='word_1_10' title='bbox 323 1760 420 1823; x_wconf 90' lang='lat' dir='ltr'>studii</span> <span class='ocrx_word' id='word_1_11' title='bbox 456 1761 517 1824; x_wconf 90' lang='lat' dir='ltr'>mei</span> <span class='ocrx_word' id='word_1_12' title='bbox 550 1762 739 1825; x_wconf 88' lang='lat' dir='ltr'>documenta</span> <span class='ocrx_word' id='word_1_13' title='bbox 771 1761 909 1842; x_wconf 87' lang='lat' dir='ltr'>ederem,</span> <span class='ocrx_word' id='word_1_14' title='bbox 943 1758 1091 1843; x_wconf 77' lang='lat' dir='ltr'>Sapphus</span> <span class='ocrx_word' id='word_1_15' title='bbox 1122 1757 1300 1842; x_wconf 72' lang='lat' dir='ltr'><strong>Epistulam</strong></span> <span class='ocrx_word' id='word_1_16' title='bbox 1332 1755 1411 1818; x_wconf 92' lang='lat' dir='ltr'>mihi</span> 
     </span>
     <span class='ocr_line' id='line_1_4' title="bbox 216 1879 1409 1966; baseline -0.003 -22"><span class='ocrx_word' id='word_1_17' title='bbox 216 1880 336 1965; x_wconf 87' lang='lat' dir='ltr'>sumpsi</span> <span class='ocrx_word' id='word_1_18' title='bbox 360 1884 570 1945; x_wconf 90' lang='lat' dir='ltr'>tractandam.</span> <span class='ocrx_word' id='word_1_19' title='bbox 597 1882 644 1946; x_wconf 89' lang='lat' dir='ltr'>De</span> <span class='ocrx_word' id='word_1_20' title='bbox 668 1882 807 1958; x_wconf 89' lang='lat' dir='ltr'>ratione,</span> <span class='ocrx_word' id='word_1_21' title='bbox 833 1904 927 1966; x_wconf 89' lang='lat' dir='ltr'>quarn</span> <span class='ocrx_word' id='word_1_22' title='bbox 950 1881 1035 1944; x_wconf 89' lang='lat' dir='ltr'>inter</span> <span class='ocrx_word' id='word_1_23' title='bbox 1058 1879 1259 1944; x_wconf 88' lang='lat' dir='ltr'>scribendum</span> <span class='ocrx_word' id='word_1_24' title='bbox 1284 1879 1409 1941; x_wconf 90' lang='lat' dir='ltr'>secutus</span> 
     </span>
     <span class='ocr_line' id='line_1_5' title="bbox 217 1998 1411 2087; baseline -0.003 -23"><span class='ocrx_word' id='word_1_25' title='bbox 217 2023 303 2078; x_wconf 87' lang='lat' dir='ltr'>sum,</span> <span class='ocrx_word' id='word_1_26' title='bbox 337 2001 415 2066; x_wconf 88' lang='grc'><strong>11111</strong></span> <span class='ocrx_word' id='word_1_27' title='bbox 438 2003 637 2086; x_wconf 91' lang='lat' dir='ltr'>potissimum</span> <span class='ocrx_word' id='word_1_28' title='bbox 666 2005 901 2087; x_wconf 90' lang='lat' dir='ltr'>praemonenda</span> <span class='ocrx_word' id='word_1_29' title='bbox 924 2002 1084 2066; x_wconf 90' lang='lat' dir='ltr'>uidentur.</span> <span class='ocrx_word' id='word_1_30' title='bbox 1109 1998 1308 2083; x_wconf 71' lang='lat' dir='ltr'>Simulatque</span> <span class='ocrx_word' id='word_1_31' title='bbox 1332 2020 1411 2082; x_wconf 89' lang='lat' dir='ltr'>opus</span> 
     </span>
     <span class='ocr_line' id='line_1_6' title="bbox 216 2119 1410 2208; baseline -0.004 -22"><span class='ocrx_word' id='word_1_32' title='bbox 216 2143 385 2206; x_wconf 79' lang='lat' dir='ltr'>aggressus</span> <span class='ocrx_word' id='word_1_33' title='bbox 416 2145 485 2187; x_wconf 89' lang='lat' dir='ltr'>sum</span> <span class='ocrx_word' id='word_1_34' title='bbox 515 2124 659 2188; x_wconf 72' lang='lat' dir='ltr'>intellexi</span> <span class='ocrx_word' id='word_1_35' title='bbox 689 2127 763 2208; x_wconf 91' lang='lat' dir='ltr'>post</span> <span class='ocrx_word' id='word_1_36' title='bbox 795 2124 954 2208; x_wconf 81' lang='lat' dir='ltr'>egregiam</span> <span class='ocrx_word' id='word_1_37' title='bbox 988 2120 1195 2206; x_wconf 80' lang='lat' dir='ltr'>Comparettii</span> <span class='ocrx_word' id='word_1_38' title='bbox 1220 2119 1410 2204; x_wconf 89' lang='lat' dir='ltr'>disputatio-</span> 
     </span>
     <span class='ocr_line' id='line_1_7' title="bbox 215 2243 1411 2330; baseline -0.002 -24"><span class='ocrx_word' id='word_1_39' title='bbox 215 2265 289 2306; x_wconf 91' lang='lat' dir='ltr'>nem</span> <span class='ocrx_word' id='word_1_40' title='bbox 322 2243 383 2308; x_wconf 91' lang='lat' dir='ltr'>hoc</span> <span class='ocrx_word' id='word_1_41' title='bbox 414 2245 560 2329; x_wconf 84' lang='lat' dir='ltr'>inprimis</span> <span class='ocrx_word' id='word_1_42' title='bbox 585 2245 663 2308; x_wconf 86' lang='lat' dir='ltr'>mihi</span> <span class='ocrx_word' id='word_1_43' title='bbox 689 2268 754 2310; x_wconf 89' lang='lat' dir='ltr'>esse</span> <span class='ocrx_word' id='word_1_44' title='bbox 778 2249 956 2330; x_wconf 90' lang='lat' dir='ltr'>agendum,</span> <span class='ocrx_word' id='word_1_45' title='bbox 982 2249 1019 2308; x_wconf 93' lang='lat' dir='ltr'>ut</span> <span class='ocrx_word' id='word_1_46' title='bbox 1042 2244 1147 2308; x_wconf 90' lang='lat' dir='ltr'>dedita</span> <span class='ocrx_word' id='word_1_47' title='bbox 1172 2264 1267 2326; x_wconf 90' lang='lat' dir='ltr'>opera</span> <span class='ocrx_word' id='word_1_48' title='bbox 1291 2245 1411 2326; x_wconf 86' lang='lat' dir='ltr'>tracta-</span> 
     </span>
     <span class='ocr_line' id='line_1_8' title="bbox 218 2363 1413 2451; baseline -0.003 -23"><span class='ocrx_word' id='word_1_49' title='bbox 218 2386 283 2428; x_wconf 89' lang='lat' dir='ltr'>rem</span> <span class='ocrx_word' id='word_1_50' title='bbox 317 2386 386 2429; x_wconf 89' lang='lat' dir='ltr'>eam</span> <span class='ocrx_word' id='word_1_51' title='bbox 415 2369 557 2450; x_wconf 88' lang='lat' dir='ltr'>partem,</span> <span class='ocrx_word' id='word_1_52' title='bbox 591 2389 686 2451; x_wconf 92' lang='lat' dir='ltr'>quam</span> <span class='ocrx_word' id='word_1_53' title='bbox 724 2367 786 2430; x_wconf 87' lang='lat' dir='ltr'>ille&#39;</span> <span class='ocrx_word' id='word_1_54' title='bbox 809 2367 862 2430; x_wconf 84' lang='lat' dir='ltr'>V-ir</span> <span class='ocrx_word' id='word_1_55' title='bbox 896 2365 944 2432; x_wconf 83' lang='lat' dir='ltr'>Ol.</span> <span class='ocrx_word' id='word_1_56' title='bbox 967 2370 1004 2430; x_wconf 90' lang='lat' dir='ltr'>ut</span> <span class='ocrx_word' id='word_1_57' title='bbox 1027 2389 1046 2429; x_wconf 89' lang='grc'>1</span> <span class='ocrx_word' id='word_1_58' title='bbox 1069 2365 1231 2449; x_wconf 88' lang='lat' dir='ltr'>proposito</span> <span class='ocrx_word' id='word_1_59' title='bbox 1255 2385 1312 2428; x_wconf 90' lang='lat' dir='ltr'>suo</span> <span class='ocrx_word' id='word_1_60' title='bbox 1336 2363 1413 2426; x_wconf 88' lang='lat' dir='ltr'>alie·</span> 
     </span>
     <span class='ocr_line' id='line_1_9' title="bbox 227 2486 1431 2584; baseline -0.001 -36"><span class='ocrx_word' id='word_1_61' title='bbox 227 2507 300 2548; x_wconf 90' lang='grc'><strong>111111</strong></span> <span class='ocrx_word' id='word_1_62' title='bbox 333 2487 506 2564; x_wconf 89' lang='lat' dir='ltr'>omisisset,</span> <span class='ocrx_word' id='word_1_63' title='bbox 539 2488 571 2551; x_wconf 90' lang='lat' dir='ltr'>id</span> <span class='ocrx_word' id='word_1_64' title='bbox 604 2491 652 2551; x_wconf 89' lang='lat' dir='ltr'>est</span> <span class='ocrx_word' id='word_1_65' title='bbox 682 2498 719 2551; x_wconf 88' lang='lat' dir='ltr'>ut</span> <span class='ocrx_word' id='word_1_66' title='bbox 749 2493 854 2552; x_wconf 87' lang='lat' dir='ltr'>textus</span> <span class='ocrx_word' id='word_1_67' title='bbox 878 2488 1093 2552; x_wconf 82' lang='lat' dir='ltr'>recensionem</span> <span class='ocrx_word' id='word_1_68' title='bbox 1117 2489 1240 2550; x_wconf 89' lang='lat' dir='ltr'>ederem</span> <span class='ocrx_word' id='word_1_69' title='bbox 1265 2486 1360 2570; x_wconf 93' lang='lat' dir='ltr'>plena</span> <span class='ocrx_word' id='word_1_70' title='bbox 1380 2489 1431 2584; x_wconf 29' lang='lat' dir='ltr'>et·</span> 
     </span>
     <span class='ocr_line' id='line_1_10' title="bbox 218 2607 1412 2693; baseline 0 -25"><span class='ocrx_word' id='word_1_71' title='bbox 218 2611 365 2670; x_wconf 83' lang='lat' dir='ltr'>accurata</span> <span class='ocrx_word' id='word_1_72' title='bbox 397 2610 539 2684; x_wconf 85' lang='lat' dir='ltr'>codicum</span> <span class='ocrx_word' id='word_1_73' title='bbox 570 2611 684 2673; x_wconf 89' lang='lat' dir='ltr'>notitia</span> <span class='ocrx_word' id='word_1_74' title='bbox 708 2611 864 2674; x_wconf 84' lang='lat' dir='ltr'>innixam.</span> <span class='ocrx_word' id='word_1_75' title='bbox 888 2608 971 2673; x_wconf 86' lang='lat' dir='ltr'>Nam</span> <span class='ocrx_word' id='word_1_76' title='bbox 996 2631 1067 2672; x_wconf 91' lang='lat' dir='ltr'>cum</span> <span class='ocrx_word' id='word_1_77' title='bbox 1093 2607 1214 2693; x_wconf 84' lang='lat' dir='ltr'>codices</span> <span class='ocrx_word' id='word_1_78' title='bbox 1237 2611 1412 2671; x_wconf 87' lang='lat' dir='ltr'>ceterarum</span> 
     </span>
     <span class='ocr_line' id='line_1_11' title="bbox 219 2725 1411 2814; baseline 0 -24"><span class='ocrx_word' id='word_1_79' title='bbox 219 2725 412 2805; x_wconf 89' lang='lat' dir='ltr'>Heroidum‚</span> <span class='ocrx_word' id='word_1_80' title='bbox 446 2751 527 2813; x_wconf 91' lang='lat' dir='ltr'>quae</span> <span class='ocrx_word' id='word_1_81' title='bbox 560 2729 668 2794; x_wconf 92' lang='lat' dir='ltr'>Ouidii</span> <span class='ocrx_word' id='word_1_82' title='bbox 699 2731 830 2795; x_wconf 89' lang='lat' dir='ltr'>nomine</span> <span class='ocrx_word' id='word_1_83' title='bbox 854 2735 929 2794; x_wconf 93' lang='lat' dir='ltr'>sunt</span> <span class='ocrx_word' id='word_1_84' title='bbox 951 2729 1142 2814; x_wconf 73' lang='lat' dir='ltr'>inscriptae,</span> <span class='ocrx_word' id='word_1_85' title='bbox 1167 2751 1203 2792; x_wconf 92' lang='lat' dir='ltr'>ea</span> <span class='ocrx_word' id='word_1_86' title='bbox 1226 2727 1411 2803; x_wconf 85' lang='lat' dir='ltr'>seueritate,</span> 
     </span>
     <span class='ocr_line' id='line_1_12' title="bbox 217 2848 1410 2935; baseline 0.001 -24"><span class='ocrx_word' id='word_1_87' title='bbox 217 2871 311 2931; x_wconf 88' lang='lat' dir='ltr'>quam</span> <span class='ocrx_word' id='word_1_88' title='bbox 345 2848 423 2914; x_wconf 87' lang='lat' dir='ltr'>haec</span> <span class='ocrx_word' id='word_1_89' title='bbox 447 2854 556 2915; x_wconf 88' lang='lat' dir='ltr'>nostra</span> <span class='ocrx_word' id='word_1_90' title='bbox 581 2855 667 2914; x_wconf 91' lang='lat' dir='ltr'>aetas</span> <span class='ocrx_word' id='word_1_91' title='bbox 692 2852 839 2935; x_wconf 85' lang='lat' dir='ltr'>requirit,</span> <span class='ocrx_word' id='word_1_92' title='bbox 865 2873 883 2913; x_wconf 98' lang='lat' dir='ltr'>a</span> <span class='ocrx_word' id='word_1_93' title='bbox 908 2852 1003 2915; x_wconf 87' lang='lat' dir='ltr'>uariis</span> <span class='ocrx_word' id='word_1_94' title='bbox 1027 2851 1157 2915; x_wconf 89' lang='lat' dir='ltr'>eruditis</span> <span class='ocrx_word' id='word_1_95' title='bbox 1182 2851 1304 2915; x_wconf 83' lang='lat' dir='ltr'>excussi</span> <span class='ocrx_word' id='word_1_96' title='bbox 1328 2851 1410 2928; x_wconf 89' lang='lat' dir='ltr'>sint,</span> 
     </span>
     <span class='ocr_line' id='line_1_13' title="bbox 216 2965 1411 3057; baseline 0.002 -25"><span class='ocrx_word' id='word_1_97' title='bbox 216 2969 362 3052; x_wconf 88' lang='lat' dir='ltr'>neglecta</span> <span class='ocrx_word' id='word_1_98' title='bbox 393 2971 459 3034; x_wconf 89' lang='lat' dir='ltr'>fere</span> <span class='ocrx_word' id='word_1_99' title='bbox 490 2972 588 3036; x_wconf 90' lang='lat' dir='ltr'>iacuit</span> <span class='ocrx_word' id='word_1_100' title='bbox 618 2972 766 3057; x_wconf 81' lang='lat' dir='ltr'>Sapphus</span> <span class='ocrx_word' id='word_1_101' title='bbox 798 2965 950 3056; x_wconf 82' lang='lat' dir='ltr'>epistula,</span> <span class='ocrx_word' id='word_1_102' title='bbox 977 2995 1048 3036; x_wconf 89' lang='lat' dir='ltr'>eum</span> <span class='ocrx_word' id='word_1_103' title='bbox 1072 2972 1199 3056; x_wconf 91' lang='lat' dir='ltr'>quidem</span> <span class='ocrx_word' id='word_1_104' title='bbox 1224 2972 1259 3035; x_wconf 93' lang='lat' dir='ltr'>in</span> <span class='ocrx_word' id='word_1_105' title='bbox 1282 2972 1411 3034; x_wconf 91' lang='lat' dir='ltr'>modum</span> 
     </span>
    </p>
   </div>
   <div class='ocr_carea' id='block_1_3' title="bbox 218 3067 1413 3179">
    <p class='ocr_par' dir='ltr' id='par_1_3' title="bbox 218 3067 1413 3179">
     <span class='ocr_line' id='line_1_14' title="bbox 218 3067 1413 3179; baseline 0.002 -25"><span class='ocrx_word' id='word_1_106' title='bbox 218 3095 255 3154; x_wconf 93' lang='lat' dir='ltr'>ut</span> <span class='ocrx_word' id='word_1_107' title='bbox 278 3092 385 3159; x_wconf 87' lang='lat' dir='ltr'>multis</span> <span class='ocrx_word' id='word_1_108' title='bbox 409 3067 486 3158; x_wconf 91' lang='lat' dir='ltr'>locis</span> <span class='ocrx_word' id='word_1_109' title='bbox 509 3095 544 3157; x_wconf 93' lang='lat' dir='ltr'>in</span> <span class='ocrx_word' id='word_1_110' title='bbox 569 3095 664 3159; x_wconf 89' lang='lat' dir='ltr'>dubio</span> <span class='ocrx_word' id='word_1_111' title='bbox 689 3116 887 3158; x_wconf 88' lang='lat' dir='ltr'>uersaremur</span> <span class='ocrx_word' id='word_1_112' title='bbox 907 3095 983 3179; x_wconf 91' lang='lat' dir='ltr'>quid</span> <span class='ocrx_word' id='word_1_113' title='bbox 1007 3095 1042 3158; x_wconf 92' lang='lat' dir='ltr'>in</span> <span class='ocrx_word' id='word_1_114' title='bbox 1067 3095 1197 3179; x_wconf 89' lang='lat' dir='ltr'>optimis</span> <span class='ocrx_word' id='word_1_115' title='bbox 1220 3093 1308 3159; x_wconf 90' lang='lat' dir='ltr'>MSS.</span> <span class='ocrx_word' id='word_1_116' title='bbox 1331 3097 1413 3158; x_wconf 88' lang='lat' dir='ltr'>esset</span> 
     </span>
    </p>
   </div>
   <div class='ocr_carea' id='block_1_4' title="bbox 216 3215 1471 4644">
    <p class='ocr_par' dir='ltr' id='par_1_4' title="bbox 216 3215 1471 4644">
     <span class='ocr_line' id='line_1_15' title="bbox 216 3215 1413 3307; baseline 0.003 -31"><span class='ocrx_word' id='word_1_117' title='bbox 216 3215 381 3278; x_wconf 87' lang='lat' dir='ltr'>traditum.</span> <span class='ocrx_word' id='word_1_118' title='bbox 416 3215 511 3280; x_wconf 88' lang='lat' dir='ltr'>Haud</span> <span class='ocrx_word' id='word_1_119' title='bbox 542 3217 657 3282; x_wconf 89' lang='lat' dir='ltr'>inutile</span> <span class='ocrx_word' id='word_1_120' title='bbox 686 3239 762 3302; x_wconf 90' lang='lat' dir='ltr'>ergo</span> <span class='ocrx_word' id='word_1_121' title='bbox 794 3223 842 3282; x_wconf 88' lang='lat' dir='ltr'>est</span> <span class='ocrx_word' id='word_1_122' title='bbox 865 3219 969 3307; x_wconf 89' lang='lat' dir='ltr'>uisum</span> <span class='ocrx_word' id='word_1_123' title='bbox 992 3219 1114 3282; x_wconf 88' lang='lat' dir='ltr'>codices</span> <span class='ocrx_word' id='word_1_124' title='bbox 1138 3218 1226 3303; x_wconf 86' lang='lat' dir='ltr'>illos,</span> <span class='ocrx_word' id='word_1_125' title='bbox 1253 3221 1413 3302; x_wconf 84' lang='lat' dir='ltr'>quotquot</span> 
     </span>
     <span class='ocr_line' id='line_1_16' title="bbox 217 3339 1471 3424; baseline 0.002 -24"><span class='ocrx_word' id='word_1_126' title='bbox 217 3339 343 3400; x_wconf 81' lang='lat' dir='ltr'>exstare</span> <span class='ocrx_word' id='word_1_127' title='bbox 368 3339 605 3422; x_wconf 80' lang='lat' dir='ltr'>comperissem,</span> <span class='ocrx_word' id='word_1_128' title='bbox 630 3360 740 3404; x_wconf 92' lang='lat' dir='ltr'>omnes</span> <span class='ocrx_word' id='word_1_129' title='bbox 764 3341 933 3424; x_wconf 85' lang='lat' dir='ltr'>diligenter</span> <span class='ocrx_word' id='word_1_130' title='bbox 958 3341 1100 3405; x_wconf 89' lang='lat' dir='ltr'>conferre</span> <span class='ocrx_word' id='word_1_131' title='bbox 1124 3345 1157 3404; x_wconf 89' lang='lat' dir='ltr'>et</span> <span class='ocrx_word' id='word_1_132' title='bbox 1179 3341 1283 3404; x_wconf 90' lang='lat' dir='ltr'>uarias</span> <span class='ocrx_word' id='word_1_133' title='bbox 1303 3361 1411 3403; x_wconf 90' lang='lat' dir='ltr'>eorum</span> <span class='ocrx_word' id='word_1_134' title='bbox 1470 3339 1471 3343; x_wconf 66' lang='grc'>’</span> 
     </span>
     <span class='ocr_line' id='line_1_17' title="bbox 217 3457 1411 3545; baseline 0.003 -25"><span class='ocrx_word' id='word_1_135' title='bbox 217 3457 367 3521; x_wconf 86' lang='lat' dir='ltr'>lectiones</span> <span class='ocrx_word' id='word_1_136' title='bbox 399 3462 438 3522; x_wconf 90' lang='lat' dir='ltr'>ad</span> <span class='ocrx_word' id='word_1_137' title='bbox 471 3461 598 3544; x_wconf 91' lang='lat' dir='ltr'>singula</span> <span class='ocrx_word' id='word_1_138' title='bbox 631 3461 786 3545; x_wconf 87' lang='lat' dir='ltr'>epistulae</span> <span class='ocrx_word' id='word_1_139' title='bbox 812 3463 907 3526; x_wconf 88' lang='lat' dir='ltr'>uerba</span> <span class='ocrx_word' id='word_1_140' title='bbox 931 3462 1092 3526; x_wconf 90' lang='lat' dir='ltr'>adnotare.</span> <span class='ocrx_word' id='word_1_141' title='bbox 1115 3462 1191 3525; x_wconf 86' lang='lat' dir='ltr'>Mox</span> <span class='ocrx_word' id='word_1_142' title='bbox 1214 3466 1320 3525; x_wconf 88' lang='lat' dir='ltr'>autem</span> <span class='ocrx_word' id='word_1_143' title='bbox 1344 3461 1411 3524; x_wconf 94' lang='lat' dir='ltr'>uidi</span> 
     </span>
     <span class='ocr_line' id='line_1_18' title="bbox 219 3580 1411 3667; baseline 0.003 -25"><span class='ocrx_word' id='word_1_144' title='bbox 219 3580 336 3644; x_wconf 90' lang='lat' dir='ltr'>multos</span> <span class='ocrx_word' id='word_1_145' title='bbox 370 3601 475 3644; x_wconf 91' lang='lat' dir='ltr'>eorum</span> <span class='ocrx_word' id='word_1_146' title='bbox 509 3582 555 3644; x_wconf 93' lang='lat' dir='ltr'>ita</span> <span class='ocrx_word' id='word_1_147' title='bbox 586 3604 652 3646; x_wconf 88' lang='grc'><strong>1111</strong></span> <span class='ocrx_word' id='word_1_148' title='bbox 676 3586 843 3666; x_wconf 85' lang='lat' dir='ltr'>corruptos</span> <span class='ocrx_word' id='word_1_149' title='bbox 865 3583 1076 3666; x_wconf 85' lang='lat' dir='ltr'>interpolatos</span> <span class='ocrx_word' id='word_1_150' title='bbox 1100 3584 1288 3667; x_wconf 87' lang='lat' dir='ltr'>deprauatos</span> <span class='ocrx_word' id='word_1_151' title='bbox 1311 3585 1348 3646; x_wconf 93' lang='lat' dir='ltr'>ut</span> <span class='ocrx_word' id='word_1_152' title='bbox 1372 3583 1411 3645; x_wconf 91' lang='lat' dir='ltr'>ad</span> 
     </span>
     <span class='ocr_line' id='line_1_19' title="bbox 218 3701 1407 3788; baseline 0.001 -24"><span class='ocrx_word' id='word_1_153' title='bbox 218 3705 341 3765; x_wconf 86' lang='lat' dir='ltr'>textum</span> <span class='ocrx_word' id='word_1_154' title='bbox 374 3701 434 3765; x_wconf 89' lang='lat' dir='ltr'>rite</span> <span class='ocrx_word' id='word_1_155' title='bbox 465 3703 723 3767; x_wconf 91' lang='lat' dir='ltr'>constituendum</span> <span class='ocrx_word' id='word_1_156' title='bbox 756 3704 876 3768; x_wconf 88' lang='lat' dir='ltr'>nullius</span> <span class='ocrx_word' id='word_1_157' title='bbox 907 3704 971 3768; x_wconf 88' lang='lat' dir='ltr'>fere</span> <span class='ocrx_word' id='word_1_158' title='bbox 1002 3704 1097 3788; x_wconf 92' lang='lat' dir='ltr'>pretii</span> <span class='ocrx_word' id='word_1_159' title='bbox 1128 3706 1232 3767; x_wconf 89' lang='lat' dir='ltr'>essent</span> <span class='ocrx_word' id='word_1_160' title='bbox 1259 3702 1407 3766; x_wconf 87' lang='lat' dir='ltr'>habendi.</span> 
     </span>
     <span class='ocr_line' id='line_1_20' title="bbox 217 3822 1411 3910; baseline 0.001 -24"><span class='ocrx_word' id='word_1_161' title='bbox 217 3822 417 3907; x_wconf 79' lang='lat' dir='ltr'>Quapropter</span> <span class='ocrx_word' id='word_1_162' title='bbox 450 3823 503 3888; x_wconf 89' lang='lat' dir='ltr'>diu</span> <span class='ocrx_word' id='word_1_163' title='bbox 537 3825 736 3910; x_wconf 87' lang='lat' dir='ltr'>multumque</span> <span class='ocrx_word' id='word_1_164' title='bbox 767 3826 922 3890; x_wconf 87' lang='lat' dir='ltr'>haesitaui</span> <span class='ocrx_word' id='word_1_165' title='bbox 954 3830 1062 3888; x_wconf 90' lang='lat' dir='ltr'>utrum</span> <span class='ocrx_word' id='word_1_166' title='bbox 1094 3825 1236 3888; x_wconf 90' lang='lat' dir='ltr'>omnium</span> <span class='ocrx_word' id='word_1_167' title='bbox 1261 3824 1411 3887; x_wconf 88' lang='lat' dir='ltr'>omnibus</span> 
     </span>
     <span class='ocr_line' id='line_1_21' title="bbox 217 3944 1410 4030; baseline 0.001 -23"><span class='ocrx_word' id='word_1_168' title='bbox 217 3944 294 4008; x_wconf 89' lang='lat' dir='ltr'>locis</span> <span class='ocrx_word' id='word_1_169' title='bbox 320 3945 471 4010; x_wconf 89' lang='lat' dir='ltr'>lectiones</span> <span class='ocrx_word' id='word_1_170' title='bbox 496 3967 721 4024; x_wconf 89' lang='lat' dir='ltr'>memorarem,</span> <span class='ocrx_word' id='word_1_171' title='bbox 746 3969 788 4010; x_wconf 86' lang='lat' dir='ltr'>an</span> <span class='ocrx_word' id='word_1_172' title='bbox 811 3947 958 4028; x_wconf 83' lang='lat' dir='ltr'>eligerem</span> <span class='ocrx_word' id='word_1_173' title='bbox 984 3968 1036 4011; x_wconf 89' lang='lat' dir='ltr'>eos</span> <span class='ocrx_word' id='word_1_174' title='bbox 1061 3947 1143 4010; x_wconf 89' lang='lat' dir='ltr'>solos</span> <span class='ocrx_word' id='word_1_175' title='bbox 1166 3947 1222 4030; x_wconf 92' lang='lat' dir='ltr'>qui</span> <span class='ocrx_word' id='word_1_176' title='bbox 1245 3946 1307 4010; x_wconf 88' lang='lat' dir='ltr'>fide</span> <span class='ocrx_word' id='word_1_177' title='bbox 1320 3946 1410 4030; x_wconf 91' lang='lat' dir='ltr'>digni</span> 
     </span>
     <span class='ocr_line' id='line_1_22' title="bbox 216 4067 1410 4144; baseline 0.003 -16"><span class='ocrx_word' id='word_1_178' title='bbox 216 4067 418 4144; x_wconf 89' lang='lat' dir='ltr'>uiderentur,</span> <span class='ocrx_word' id='word_1_179' title='bbox 451 4071 571 4132; x_wconf 89' lang='lat' dir='ltr'>ceteros</span> <span class='ocrx_word' id='word_1_180' title='bbox 599 4069 764 4132; x_wconf 89' lang='lat' dir='ltr'>abicerem.</span> <span class='ocrx_word' id='word_1_181' title='bbox 789 4068 960 4133; x_wconf 89' lang='lat' dir='ltr'>Dubitanti</span> <span class='ocrx_word' id='word_1_182' title='bbox 984 4072 1090 4132; x_wconf 90' lang='lat' dir='ltr'>tamen</span> <span class='ocrx_word' id='word_1_183' title='bbox 1115 4068 1213 4132; x_wconf 89' lang='lat' dir='ltr'>satius</span> <span class='ocrx_word' id='word_1_184' title='bbox 1237 4072 1285 4133; x_wconf 90' lang='lat' dir='ltr'>est</span> <span class='ocrx_word' id='word_1_185' title='bbox 1307 4069 1410 4132; x_wconf 89' lang='lat' dir='ltr'>uisum</span> 
     </span>
     <span class='ocr_line' id='line_1_23' title="bbox 217 4188 1409 4273; baseline 0.001 -23"><span class='ocrx_word' id='word_1_186' title='bbox 217 4209 326 4250; x_wconf 90' lang='lat' dir='ltr'>omnes</span> <span class='ocrx_word' id='word_1_187' title='bbox 358 4189 473 4266; x_wconf 87' lang='lat' dir='ltr'>citare,</span> <span class='ocrx_word' id='word_1_188' title='bbox 506 4194 538 4254; x_wconf 90' lang='lat' dir='ltr'>et</span> <span class='ocrx_word' id='word_1_189' title='bbox 566 4190 640 4273; x_wconf 89' lang='lat' dir='ltr'>quia</span> <span class='ocrx_word' id='word_1_190' title='bbox 665 4189 884 4254; x_wconf 87' lang='lat' dir='ltr'>difficillimum</span> <span class='ocrx_word' id='word_1_191' title='bbox 910 4194 958 4254; x_wconf 89' lang='lat' dir='ltr'>est</span> <span class='ocrx_word' id='word_1_192' title='bbox 982 4193 1111 4253; x_wconf 90' lang='lat' dir='ltr'>modum</span> <span class='ocrx_word' id='word_1_193' title='bbox 1135 4191 1168 4254; x_wconf 90' lang='lat' dir='ltr'>in</span> <span class='ocrx_word' id='word_1_194' title='bbox 1193 4188 1337 4272; x_wconf 88' lang='lat' dir='ltr'>eligendo</span> <span class='ocrx_word' id='word_1_195' title='bbox 1362 4191 1409 4252; x_wconf 92' lang='lat' dir='ltr'>te-</span> 
     </span>
     <span class='ocr_line' id='line_1_24' title="bbox 218 4311 1410 4398; baseline 0.002 -28"><span class='ocrx_word' id='word_1_196' title='bbox 218 4329 309 4385; x_wconf 88' lang='lat' dir='ltr'>nere,</span> <span class='ocrx_word' id='word_1_197' title='bbox 330 4313 362 4372; x_wconf 93' lang='lat' dir='ltr'>et</span> <span class='ocrx_word' id='word_1_198' title='bbox 381 4312 456 4393; x_wconf 89' lang='lat' dir='ltr'>quia</span> <span class='ocrx_word' id='word_1_199' title='bbox 477 4311 644 4395; x_wconf 91' lang='lat' dir='ltr'>plerosque</span> <span class='ocrx_word' id='word_1_200' title='bbox 665 4333 772 4375; x_wconf 90' lang='lat' dir='ltr'>eorum</span> <span class='ocrx_word' id='word_1_201' title='bbox 795 4312 939 4376; x_wconf 90' lang='lat' dir='ltr'>codicum</span> <span class='ocrx_word' id='word_1_202' title='bbox 952 4317 1009 4376; x_wconf 86' lang='lat' dir='ltr'>aut</span> <span class='ocrx_word' id='word_1_203' title='bbox 1018 4335 1145 4398; x_wconf 89' lang='lat' dir='ltr'>prorsus</span> <span class='ocrx_word' id='word_1_204' title='bbox 1158 4311 1340 4396; x_wconf 85' lang='lat' dir='ltr'>incognitos</span> <span class='ocrx_word' id='word_1_205' title='bbox 1354 4312 1410 4373; x_wconf 92' lang='lat' dir='ltr'>aut</span> 
     </span>
     <span class='ocr_line' id='line_1_25' title="bbox 217 4431 1410 4519; baseline 0.002 -27"><span class='ocrx_word' id='word_1_206' title='bbox 217 4451 330 4514; x_wconf 91' lang='lat' dir='ltr'>parum</span> <span class='ocrx_word' id='word_1_207' title='bbox 359 4436 504 4496; x_wconf 88' lang='grc'><strong>11111111</strong></span> <span class='ocrx_word' id='word_1_208' title='bbox 527 4433 687 4517; x_wconf 90' lang='lat' dir='ltr'>inspectos</span> <span class='ocrx_word' id='word_1_209' title='bbox 709 4433 872 4510; x_wconf 88' lang='lat' dir='ltr'>uidebam,</span> <span class='ocrx_word' id='word_1_210' title='bbox 896 4435 1031 4519; x_wconf 92' lang='lat' dir='ltr'>ideoque</span> <span class='ocrx_word' id='word_1_211' title='bbox 1055 4456 1164 4497; x_wconf 89' lang='lat' dir='ltr'>omnes</span> <span class='ocrx_word' id='word_1_212' title='bbox 1189 4432 1310 4517; x_wconf 90' lang='lat' dir='ltr'>publici</span> <span class='ocrx_word' id='word_1_213' title='bbox 1332 4431 1410 4495; x_wconf 90' lang='lat' dir='ltr'>iuris</span> 
     </span>
     <span class='ocr_line' id='line_1_26' title="bbox 217 4551 1411 4644; baseline -0.001 -27"><span class='ocrx_word' id='word_1_214' title='bbox 217 4551 320 4617; x_wconf 88' lang='lat' dir='ltr'>facere</span> <span class='ocrx_word' id='word_1_215' title='bbox 335 4625 338 4632; x_wconf 22' lang='grc' dir='ltr'>Ι</span> <span class='ocrx_word' id='word_1_216' title='bbox 351 4575 432 4639; x_wconf 91' lang='lat' dir='ltr'>opus</span> <span class='ocrx_word' id='word_1_217' title='bbox 465 4576 528 4618; x_wconf 92' lang='lat' dir='ltr'>non</span> <span class='ocrx_word' id='word_1_218' title='bbox 558 4556 654 4644; x_wconf 90' lang='lat' dir='ltr'>plane</span> <span class='ocrx_word' id='word_1_219' title='bbox 678 4578 945 4640; x_wconf 87' lang='lat' dir='ltr'>superuacaneum</span> <span class='ocrx_word' id='word_1_220' title='bbox 970 4556 1133 4640; x_wconf 83' lang='lat' dir='ltr'>putabam.</span> <span class='ocrx_word' id='word_1_221' title='bbox 1158 4554 1197 4618; x_wconf 94' lang='lat' dir='ltr'>In</span> <span class='ocrx_word' id='word_1_222' title='bbox 1222 4552 1411 4638; x_wconf 84' lang='lat' dir='ltr'>colligendis</span> 
     </span>
    </p>
   </div>
   <div class='ocr_carea' id='block_1_5' title="bbox 0 0 1666 5284">
    <p class='ocr_par' dir='ltr' id='par_1_5' title="bbox 0 0 1666 5284">
     <span class='ocr_line' id='line_1_27' title="bbox 0 0 1666 5284; baseline 0 0"><span class='ocrx_word' id='word_1_223' title='bbox 0 0 1666 5284; x_wconf 95' lang='lat' dir='ltr'> </span> 
     </span>
    </p>
   </div>
  </div>
 </body>
</html>
